Trd, 258516.400, 119
Trd, 258516.567, 98
Trd, 258517.617, 94
Trd, 258517.717, 93
Trd, 258518.217, 97
Trd, 258518.600, 91
Trd, 258519.883, 109
Trd, 258520.483, 107
Trd, 258520.550, 101
Trd, 258520.950, 111
Trd, 258521.083, 105
Trd, 258521.300, 129
Trd, 258521.467, 96
Trd, 258521.817, 106
Trd, 258521.883, 96
Trd, 258522.517, 121
Trd, 258522.767, 117
Trd, 258523.050, 118
Trd, 258524.217, 112
Trd, 258524.550, 109
Trd, 258524.567, 108
Trd, 258524.817, 99
Trd, 258526.117, 101
Trd, 258526.917, 107
Trd, 258527.050, 113
Trd, 258527.183, 114
Trd, 258527.300, 108
Trd, 258528.100, 106
Trd, 258528.200, 103
Trd, 258528.300, 98
Trd, 258528.667, 99
Trd, 258529.167, 111
Trd, 258529.433, 107
Trd, 258529.533, 111
Trd, 258529.883, 105
Trd, 258529.900, 104
Trd, 258530.100, 98
Trd, 258530.300, 93
Trd, 258531.117, 99
Trd, 258532.000, 101
Trd, 258532.067, 100
Trd, 258532.467, 96
Trd, 258532.483, 116
Trd, 258532.733, 106
Trd, 258533.183, 112
Trd, 258533.300, 95
Trd, 258534.100, 114
Trd, 258535.117, 113
Trd, 258535.550, 108
Trd, 258535.667, 113
Trd, 258535.700, 99
Trd, 258536.117, 112
Trd, 258536.550, 100
Trd, 258536.583, 99
Trd, 258537.833, 101
Trd, 258538.050, 98
Trd, 258538.400, 107
Trd, 258538.467, 97
Trd, 258539.533, 97
Trd, 258539.750, 103
Trd, 258540.633, 99
Trd, 258540.800, 95
Trd, 258541.217, 98
Trd, 258541.233, 92
Trd, 258541.467, 100
Trd, 258541.733, 103
Trd, 258541.800, 110
Trd, 258542.333, 109
Trd, 258543.567, 105
Trd, 258543.617, 101
Trd, 258543.700, 101
Trd, 258544.100, 97
Trd, 258544.300, 99
Trd, 258544.500, 104
Trd, 258544.583, 105
Trd, 258544.617, 108
Trd, 258546.367, 108
Trd, 258546.633, 110
Trd, 258546.650, 115
Trd, 258547.133, 107
Trd, 258547.617, 106
Trd, 258548.300, 109
Trd, 258548.500, 113
Trd, 258548.817, 106
Trd, 258549.433, 117
Trd, 258550.283, 103
Trd, 258550.517, 116
Trd, 258551.433, 114
Trd, 258551.950, 105
Trd, 258552.000, 104
Trd, 258552.050, 102
Trd, 258552.067, 98
Trd, 258552.783, 104
Trd, 258552.867, 99
Trd, 258554.600, 111
Trd, 258554.933, 96
Trd, 258555.367, 95
Trd, 258555.483, 94
Trd, 258555.650, 93
Trd, 258555.933, 93
Trd, 258556.083, 103
Trd, 258556.133, 104
Trd, 258556.667, 102
Trd, 258557.167, 111
Trd, 258557.350, 107
Trd, 258558.267, 103
Trd, 258558.300, 101
Trd, 258558.800, 102
Trd, 258559.033, 99
Trd, 258559.167, 101
Trd, 258559.183, 109
Trd, 258559.217, 94
Trd, 258559.350, 111
Trd, 258559.417, 110
Trd, 258560.017, 114
Trd, 258560.617, 106
Trd, 258560.967, 100
Trd, 258560.983, 98
Trd, 258561.500, 116
Trd, 258561.567, 94
Trd, 258561.967, 106
Trd, 258562.000, 98
Trd, 258562.033, 117
Trd, 258562.283, 93
Trd, 258562.500, 116
Trd, 258562.650, 99
Trd, 258563.167, 90
Trd, 258563.317, 84
Trd, 258563.583, 90
Trd, 258564.717, 88
Trd, 258565.267, 90
Trd, 258565.367, 95
Trd, 258565.417, 98
Trd, 258565.583, 115
Trd, 258565.733, 119
Trd, 258565.917, 123
Trd, 258565.933, 90
Trd, 258566.733, 106
Trd, 258567.417, 103
Trd, 258568.133, 115
Trd, 258568.483, 99
Trd, 258568.700, 98
Trd, 258569.633, 111
Trd, 258569.717, 120
Trd, 258569.833, 108
Trd, 258569.900, 108
Trd, 258570.700, 105
Trd, 258570.817, 101
Trd, 258571.067, 98
Trd, 258571.083, 97
Trd, 258572.550, 111
Trd, 258572.733, 105
Trd, 258572.883, 106
Trd, 258572.900, 107
Trd, 258573.117, 115
Trd, 258574.433, 108
Trd, 258576.050, 107
Trd, 258576.083, 106
Trd, 258576.383, 112
Trd, 258577.233, 113
Trd, 258577.300, 112
Trd, 258577.783, 107
Trd, 258577.800, 103
Trd, 258577.917, 98
Trd, 258577.950, 98
Trd, 258578.083, 98
Trd, 258578.700, 95
Trd, 258578.883, 94
Trd, 258578.950, 94
Trd, 258579.500, 94
Trd, 258580.483, 94
Trd, 258580.517, 95
Trd, 258580.900, 94
Trd, 258581.233, 115
Trd, 258581.367, 109
Trd, 258582.150, 105
Trd, 258582.400, 93
Trd, 258582.433, 116
Trd, 258582.450, 90
Trd, 258582.700, 108
Trd, 258582.983, 117
Trd, 258583.317, 107
Trd, 258583.617, 90
Trd, 258583.817, 111
Trd, 258584.867, 110
Trd, 258585.883, 108
Trd, 258586.100, 106
Trd, 258586.117, 109
Trd, 258586.133, 98
Trd, 258586.333, 109
Trd, 258586.900, 95
Trd, 258586.967, 98
Trd, 258587.000, 90
Trd, 258587.283, 87
Trd, 258587.733, 110
Trd, 258588.050, 101
Trd, 258588.400, 93
Trd, 258588.517, 98
Trd, 258589.033, 96
Trd, 258589.883, 100
Trd, 258589.900, 95
Trd, 258590.333, 97
Trd, 258590.550, 100
Trd, 258590.717, 101
Trd, 258591.067, 106
Trd, 258591.317, 107
Trd, 258591.333, 112
Trd, 258591.450, 102
Trd, 258591.533, 102
Trd, 258592.133, 126
Trd, 258592.883, 103
Trd, 258593.700, 117
Trd, 258594.017, 124
Trd, 258594.233, 113
Trd, 258594.583, 113
Trd, 258595.400, 114
Trd, 258595.550, 110
Trd, 258596.117, 109
Trd, 258596.433, 95
Trd, 258597.183, 105
Trd, 258597.317, 111
Trd, 258597.767, 105
Trd, 258597.850, 100
Trd, 258597.950, 93
Trd, 258598.067, 112
Trd, 258598.417, 98
Trd, 258598.683, 114
Trd, 258600.250, 102
Trd, 258600.400, 101
Trd, 258600.783, 109
Trd, 258601.500, 99
Trd, 258601.800, 110
Trd, 258601.900, 99
Trd, 258602.317, 111
Trd, 258602.583, 98
Trd, 258602.967, 101
Trd, 258603.383, 112
Trd, 258603.867, 95
Trd, 258603.967, 95
Trd, 258606.117, 103
Trd, 258606.233, 111
Trd, 258606.450, 114
Trd, 258606.517, 118
Trd, 258606.600, 100
Trd, 258607.433, 109
Trd, 258607.467, 108
Trd, 258607.617, 114
Trd, 258608.017, 106
Trd, 258609.033, 108
Trd, 258609.367, 106
Trd, 258609.383, 117
Trd, 258609.533, 105
Trd, 258610.150, 109
Trd, 258610.583, 114
Trd, 258611.450, 102
Trd, 258611.567, 104
Trd, 258612.233, 113
Trd, 258612.250, 108
Trd, 258612.367, 107
Trd, 258612.783, 108
Trd, 258613.000, 106
Trd, 258614.517, 99
Trd, 258614.767, 99
Trd, 258614.850, 108
Trd, 258615.200, 99
Trd, 258615.400, 98
Trd, 258615.433, 99
Trd, 258615.967, 98
Trd, 258616.617, 96
Trd, 258617.000, 93
Trd, 258617.050, 107
Trd, 258618.133, 109
Trd, 258618.333, 108
Trd, 258619.050, 110
Trd, 258619.333, 114
Trd, 258619.550, 106
Trd, 258619.567, 105
Trd, 258620.117, 108
Trd, 258620.517, 105
Trd, 258620.617, 112
Trd, 258621.050, 96
Trd, 258621.083, 95
Trd, 258621.550, 95
Trd, 258621.750, 90
Trd, 258621.917, 107
Trd, 258622.083, 87
Trd, 258622.600, 103
Trd, 258622.750, 97
Trd, 258623.650, 109
Trd, 258623.667, 98
Trd, 258623.733, 112
Trd, 258624.600, 113
Trd, 258624.733, 101
Trd, 258625.317, 105
Trd, 258625.867, 106
Trd, 258625.883, 109
Trd, 258626.283, 106
Trd, 258626.567, 107
Trd, 258626.750, 115
Trd, 258627.417, 105
Trd, 258628.467, 109
Trd, 258629.417, 102
Trd, 258629.450, 114
Trd, 258630.017, 108
Trd, 258631.450, 111
Trd, 258631.550, 102
Trd, 258631.567, 99
Trd, 258631.617, 111
Trd, 258631.900, 111
Trd, 258632.650, 109
Trd, 258632.833, 112
Trd, 258633.333, 113
Trd, 258633.417, 107
Trd, 258633.650, 114
Trd, 258634.533, 110
Trd, 258635.150, 110
Trd, 258635.300, 114
Trd, 258635.583, 113
Trd, 258635.600, 106
Trd, 258636.517, 99
Trd, 258636.767, 99
Trd, 258637.050, 99
Trd, 258637.083, 105
Trd, 258637.367, 103
Trd, 258637.400, 106
Trd, 258637.433, 98
Trd, 258637.700, 105
Trd, 258638.017, 95
Trd, 258639.300, 94
Trd, 258639.317, 100
Trd, 258639.367, 93
Trd, 258639.750, 115
Trd, 258640.100, 94
Trd, 258640.167, 117
Trd, 258640.617, 93
Trd, 258640.717, 85
Trd, 258640.800, 99
Trd, 258641.483, 103
Trd, 258642.050, 98
Trd, 258642.150, 99
Trd, 258642.700, 97
Trd, 258642.983, 106
Trd, 258643.283, 112
Trd, 258643.650, 107
Trd, 258644.500, 105
Trd, 258644.583, 105
Trd, 258644.633, 103
Trd, 258645.400, 98
Trd, 258645.850, 97
Trd, 258645.883, 96
Trd, 258646.100, 109
Trd, 258646.133, 108
Trd, 258646.650, 98
Trd, 258647.117, 95
Trd, 258647.383, 110
Trd, 258647.533, 112
Trd, 258648.533, 114
Trd, 258649.317, 107
Trd, 258649.333, 106
Trd, 258650.550, 105
Trd, 258651.183, 108
Trd, 258651.250, 104
Trd, 258651.433, 115
Trd, 258651.667, 103
Trd, 258652.033, 103
Trd, 258652.150, 125
Trd, 258652.217, 102
Trd, 258652.900, 109
Trd, 258653.050, 125
Trd, 258653.233, 109
Trd, 258653.700, 100
Trd, 258654.050, 98
Trd, 258654.167, 118
Trd, 258654.800, 107
Trd, 258655.117, 106
Trd, 258655.183, 101
Trd, 258655.450, 99
Trd, 258655.967, 116
Trd, 258656.467, 100
Trd, 258656.833, 111
Trd, 258657.017, 95
Trd, 258657.483, 98
Trd, 258657.567, 112
Trd, 258657.883, 115
Trd, 258658.717, 100
Trd, 258659.217, 103
Trd, 258659.267, 100
Trd, 258659.550, 111
Trd, 258660.533, 110
Trd, 258660.683, 109
Trd, 258660.783, 98
Trd, 258661.833, 106
Trd, 258661.950, 101
Trd, 258662.417, 106
Trd, 258662.550, 104
Trd, 258663.633, 103
Trd, 258663.767, 103
Trd, 258663.850, 106
Trd, 258664.467, 95
Trd, 258664.483, 109
Trd, 258665.533, 106
Trd, 258665.650, 91
Trd, 258665.850, 112
Trd, 258665.917, 115
Trd, 258665.933, 90
Trd, 258666.050, 84
Trd, 258667.650, 108
Trd, 258667.683, 111
Trd, 258667.700, 99
Trd, 258667.817, 112
Trd, 258667.867, 119
Trd, 258668.183, 99
Trd, 258668.400, 98
Trd, 258668.483, 96
Trd, 258668.700, 96
Trd, 258669.083, 101
Trd, 258669.550, 95
Trd, 258669.833, 105
Trd, 258671.067, 100
Trd, 258671.533, 106
Trd, 258671.683, 112
Trd, 258672.683, 106
Trd, 258672.717, 103
Trd, 258672.833, 113
Trd, 258673.017, 102
Trd, 258673.483, 112
Trd, 258673.667, 115
Trd, 258674.333, 112
Trd, 258674.433, 114
Trd, 258674.617, 109
Trd, 258675.583, 105
Trd, 258675.833, 104
Trd, 258675.850, 100
Trd, 258676.750, 107
Trd, 258677.083, 106
Trd, 258677.117, 107
Trd, 258677.250, 110
Trd, 258677.350, 105
Trd, 258677.867, 104
Trd, 258678.267, 98
Trd, 258678.450, 112
Trd, 258678.733, 112
Trd, 258678.950, 94
Trd, 258679.383, 93
Trd, 258679.450, 96
Trd, 258679.800, 101
Trd, 258680.183, 101
Trd, 258680.317, 90
Trd, 258680.967, 84
Trd, 258681.450, 97
Trd, 258681.633, 112
Trd, 258681.717, 91
Trd, 258682.367, 92
Trd, 258682.417, 92
Trd, 258682.817, 109
Trd, 258683.067, 117
Trd, 258684.300, 106
Trd, 258684.500, 115
Trd, 258684.583, 105
Trd, 258684.867, 101
Trd, 258685.133, 111
Trd, 258685.383, 98
Trd, 258685.717, 96
Trd, 258685.767, 115
Trd, 258686.900, 112
Trd, 258687.167, 109
Trd, 258687.367, 108
Trd, 258687.583, 106
Trd, 258688.567, 106
Trd, 258688.583, 106
Trd, 258688.683, 107
Trd, 258688.733, 104
Trd, 258689.050, 103
Trd, 258689.183, 100
Trd, 258689.600, 98
Trd, 258689.767, 119
Trd, 258690.133, 95
Trd, 258691.217, 96
Trd, 258691.267, 112
Trd, 258691.917, 118
Trd, 258692.167, 121
Trd, 258692.267, 108
Trd, 258692.767, 116
Trd, 258693.400, 115
Trd, 258693.417, 117
Trd, 258693.717, 111
Trd, 258694.167, 108
Trd, 258695.183, 106
Trd, 258695.567, 98
Trd, 258695.617, 93
Trd, 258695.650, 104
Trd, 258695.667, 90
Trd, 258696.300, 110
Trd, 258696.350, 111
Trd, 258697.617, 105
Trd, 258697.783, 106
Trd, 258698.383, 103
Trd, 258698.467, 102
Trd, 258698.517, 107
Trd, 258699.950, 104
Trd, 258700.950, 104
Trd, 258701.050, 112
Trd, 258701.233, 111
Trd, 258701.700, 98
Trd, 258702.050, 111
Trd, 258702.083, 112
Trd, 258702.200, 95
Trd, 258702.500, 99
Trd, 258702.767, 101
Trd, 258703.100, 109
Trd, 258703.617, 106
Trd, 258703.783, 104
Trd, 258704.483, 114
Trd, 258704.817, 99
Trd, 258704.867, 93
Trd, 258705.133, 93
Trd, 258706.283, 105
Trd, 258706.433, 103
Trd, 258706.717, 113
Trd, 258707.667, 113
Trd, 258707.683, 108
Trd, 258707.767, 115
Trd, 258708.217, 107
Trd, 258708.250, 121
Trd, 258708.400, 106
Trd, 258708.967, 113
Trd, 258709.883, 117
Trd, 258710.133, 104
Trd, 258710.317, 119
Trd, 258710.467, 105
Trd, 258710.483, 119
Trd, 258711.650, 109
Trd, 258711.967, 114
Trd, 258712.700, 99
Trd, 258713.783, 109
Trd, 258713.800, 104
Trd, 258714.567, 110
Trd, 258714.700, 104
Trd, 258714.717, 103
Trd, 258715.050, 100
Trd, 258715.150, 98
Trd, 258715.333, 98
Trd, 258715.517, 104
Trd, 258716.133, 97
Trd, 258716.583, 97
Trd, 258716.600, 98
Trd, 258717.017, 96
Trd, 258717.200, 98
Trd, 258717.283, 106
Trd, 258718.583, 107
Trd, 258718.717, 112
Trd, 258718.983, 106
Trd, 258719.283, 115
Trd, 258719.383, 115
Trd, 258719.650, 112
Trd, 258720.300, 95
Trd, 258720.633, 93
Trd, 258720.717, 95
Trd, 258720.783, 97
Trd, 258720.833, 90
Trd, 258721.867, 110
Trd, 258722.000, 117
Trd, 258722.067, 109
Trd, 258722.583, 121
Trd, 258723.467, 102
Trd, 258723.683, 116
Trd, 258723.867, 102
Trd, 258723.883, 98
Trd, 258724.117, 95
Trd, 258724.933, 95
Trd, 258725.083, 91
Trd, 258725.533, 98
Trd, 258725.900, 115
Trd, 258726.133, 100
Trd, 258727.467, 101
Trd, 258727.500, 102
Trd, 258727.533, 100
Trd, 258727.600, 103
Trd, 258728.350, 110
Trd, 258728.383, 115
Trd, 258728.717, 108
Trd, 258729.000, 119
Trd, 258730.817, 124
Trd, 258730.867, 110
Trd, 258731.317, 114
Trd, 258731.950, 110
Trd, 258731.983, 108
Trd, 258732.450, 114
Trd, 258732.767, 106
Trd, 258733.200, 104
Trd, 258733.517, 108
Trd, 258733.767, 115
Trd, 258734.750, 104
Trd, 258734.917, 102
Trd, 258735.533, 105
Trd, 258736.017, 104
Trd, 258736.650, 105
Trd, 258736.817, 101
Trd, 258737.033, 101
Trd, 258737.267, 100
Trd, 258737.383, 105
Trd, 258737.833, 100
Trd, 258738.250, 111
Trd, 258738.300, 112
Trd, 258738.533, 99
Trd, 258739.383, 102
Trd, 258739.400, 99
Trd, 258739.533, 98
Trd, 258740.133, 110
Trd, 258740.167, 108
Trd, 258740.300, 109
Trd, 258740.617, 110
Trd, 258742.033, 111
Trd, 258742.133, 112
Trd, 258742.750, 104
Trd, 258743.183, 93
Trd, 258743.250, 92
Trd, 258743.317, 90
Trd, 258743.983, 91
Trd, 258744.733, 96
Trd, 258744.783, 102
Trd, 258745.417, 92
Trd, 258745.983, 99
Trd, 258746.467, 106
Trd, 258746.483, 100
Trd, 258746.817, 114
Trd, 258747.150, 115
Trd, 258747.233, 117
Trd, 258747.283, 108
Trd, 258747.733, 107
Trd, 258748.450, 107
Trd, 258748.517, 115
Trd, 258748.783, 106
Trd, 258749.267, 112
Trd, 258749.683, 113
Trd, 258750.450, 107
Trd, 258750.833, 100
Trd, 258751.000, 99
Trd, 258751.050, 98
Trd, 258751.400, 90
Trd, 258751.850, 104
Trd, 258752.883, 110
Trd, 258753.083, 112
Trd, 258753.200, 112
Trd, 258753.300, 114
Trd, 258754.050, 114
Trd, 258754.200, 105
Trd, 258754.833, 101
Trd, 258756.000, 99
Trd, 258756.250, 98
Trd, 258756.350, 98
Trd, 258756.450, 112
Trd, 258756.567, 115
Trd, 258757.633, 100
Trd, 258757.867, 95
Trd, 258758.317, 93
Trd, 258758.400, 94
Trd, 258758.650, 120
Trd, 258758.667, 118
Trd, 258759.217, 120
Trd, 258759.400, 118
Trd, 258759.450, 117
Trd, 258759.700, 108
Trd, 258760.100, 106
Trd, 258760.200, 103
Trd, 258760.700, 95
Trd, 258761.250, 109
Trd, 258761.817, 114
Trd, 258762.783, 101
Trd, 258762.833, 101
Trd, 258763.000, 98
Trd, 258763.217, 100
Trd, 258763.633, 98
Trd, 258763.650, 104
Trd, 258764.017, 105
Trd, 258764.050, 107
Trd, 258764.850, 111
Trd, 258764.867, 101
Trd, 258766.117, 101
Trd, 258766.200, 112
Trd, 258766.617, 115
Trd, 258766.817, 108
Trd, 258767.783, 110
Trd, 258768.367, 102
Trd, 258768.450, 98
Trd, 258768.583, 114
Trd, 258769.017, 101
Trd, 258769.633, 95
Trd, 258770.033, 93
Trd, 258770.067, 96
Trd, 258770.450, 98
Trd, 258770.733, 99
Trd, 258770.750, 115
Trd, 258771.800, 117
Trd, 258771.950, 106
Trd, 258772.767, 108
Trd, 258772.900, 114
Trd, 258773.217, 100
Trd, 258773.517, 100
Trd, 258774.267, 102
Trd, 258774.783, 101
Trd, 258775.400, 99
Trd, 258775.550, 106
Trd, 258775.683, 97
Trd, 258775.767, 98
Trd, 258776.300, 107
Trd, 258776.500, 112
Trd, 258776.883, 106
Trd, 258777.067, 98
Trd, 258777.617, 99
Trd, 258778.417, 98
Trd, 258779.100, 108
Trd, 258779.183, 105
Trd, 258779.267, 108
Trd, 258779.433, 109
Trd, 258780.267, 112
Trd, 258781.550, 107
Trd, 258781.700, 107
Trd, 258781.800, 106
Trd, 258782.433, 99
Trd, 258782.833, 110
Trd, 258782.867, 110
Trd, 258783.600, 112
Trd, 258783.983, 98
Trd, 258784.150, 97
Trd, 258784.983, 110
Trd, 258785.150, 104
Trd, 258785.333, 101
Trd, 258786.283, 95
Trd, 258786.433, 93
Trd, 258786.583, 96
Trd, 258786.650, 99
Trd, 258786.900, 96
Trd, 258787.650, 96
Trd, 258787.900, 105
Trd, 258788.250, 108
Trd, 258788.650, 109
Trd, 258789.017, 108
Trd, 258790.017, 108
Trd, 258790.417, 104
Trd, 258791.067, 102
Trd, 258791.883, 100
Trd, 258792.300, 101
Trd, 258792.433, 100
Trd, 258792.500, 102
Trd, 258793.683, 109
Trd, 258793.750, 111
Trd, 258793.767, 107
Trd, 258794.133, 113
Trd, 258794.433, 113
Trd, 258794.600, 112
Trd, 258794.700, 107
Trd, 258794.900, 112
Trd, 258795.250, 109
Trd, 258795.300, 104
Trd, 258795.433, 114
Trd, 258795.633, 99
Trd, 258796.717, 105
Trd, 258797.050, 98
Trd, 258798.017, 119
Trd, 258798.250, 120
Trd, 258798.617, 120
Trd, 258798.733, 117
Trd, 258799.033, 109
Trd, 258799.550, 99
Trd, 258799.717, 102
Trd, 258800.283, 95
Trd, 258800.817, 104
Trd, 258801.833, 100
Trd, 258802.217, 108
Trd, 258802.433, 109
Trd, 258803.250, 102
Trd, 258803.350, 98
Trd, 258803.617, 109
Trd, 258803.833, 98
Trd, 258804.650, 105
Trd, 258805.217, 98
Trd, 258805.433, 97
Trd, 258805.483, 112
Trd, 258805.733, 98
Trd, 258805.750, 90
Trd, 258806.017, 111
Trd, 258806.433, 109
Trd, 258807.083, 97
Trd, 258807.233, 111
Trd, 258807.250, 115
Trd, 258807.367, 122
Trd, 258808.000, 96
Trd, 258808.983, 98
Trd, 258809.283, 117
Trd, 258809.383, 106
Trd, 258810.117, 118
Trd, 258810.433, 99
Trd, 258811.417, 110
Trd, 258811.483, 108
Trd, 258811.717, 109
Trd, 258811.833, 106
Trd, 258812.533, 98
Trd, 258812.850, 103
Trd, 258813.033, 104
Trd, 258813.183, 94
Trd, 258813.583, 107
Trd, 258813.600, 106
Trd, 258813.650, 111
Trd, 258813.667, 112
Trd, 258815.417, 114
Trd, 258815.583, 104
Trd, 258815.850, 103
Trd, 258816.083, 110
Trd, 258816.600, 114
Trd, 258816.633, 99
Trd, 258817.233, 109
Trd, 258817.467, 101
Trd, 258817.583, 98
Trd, 258818.183, 109
Trd, 258818.367, 100
Trd, 258818.633, 104
Trd, 258820.250, 109
Trd, 258820.333, 102
Trd, 258820.600, 107
Trd, 258820.933, 104
Trd, 258821.567, 103
Trd, 258821.650, 100
Trd, 258821.817, 111
Trd, 258822.017, 109
Trd, 258822.717, 112
Trd, 258822.733, 101
Trd, 258823.533, 99
Trd, 258823.717, 98
Trd, 258824.233, 112
Trd, 258824.417, 104
Trd, 258825.150, 106
Trd, 258825.767, 102
Trd, 258826.567, 107
Trd, 258826.583, 101
Trd, 258826.833, 109
Trd, 258827.100, 101
Trd, 258827.467, 100
Trd, 258827.583, 112
Trd, 258827.800, 99
Trd, 258828.283, 109
Trd, 258828.450, 105
Trd, 258828.767, 120
Trd, 258829.217, 108
Trd, 258829.783, 108
Trd, 258829.900, 117
Trd, 258831.000, 112
Trd, 258831.067, 109
Trd, 258831.200, 106
Trd, 258831.500, 114
Trd, 258832.067, 101
Trd, 258832.567, 106
Trd, 258833.117, 105
Trd, 258833.133, 102
Trd, 258833.200, 101
Trd, 258833.333, 99
Trd, 258833.500, 98
Trd, 258834.317, 121
Trd, 258834.617, 117
Trd, 258835.367, 109
Trd, 258835.383, 111
Trd, 258835.483, 111
Trd, 258835.667, 109
Trd, 258835.800, 100
Trd, 258835.900, 93
Trd, 258836.267, 102
Trd, 258836.400, 118
Trd, 258836.633, 101
Trd, 258836.667, 120
Trd, 258837.100, 93
Trd, 258837.733, 112
Trd, 258838.300, 107
Trd, 258838.750, 106
Trd, 258838.883, 95
Trd, 258838.950, 90
Trd, 258839.900, 91
Trd, 258841.250, 105
Trd, 258842.083, 112
Trd, 258842.317, 115
Trd, 258842.383, 100
Trd, 258842.917, 98
Trd, 258843.133, 93
Trd, 258843.400, 95
Trd, 258843.750, 110
Trd, 258844.083, 107
Trd, 258844.617, 108
Trd, 258845.150, 108
Trd, 258845.317, 107
Trd, 258845.417, 106
Trd, 258845.450, 106
Trd, 258845.833, 108
Trd, 258845.850, 101
Trd, 258845.883, 109
Trd, 258846.150, 94
Trd, 258846.833, 95
Trd, 258846.917, 92
Trd, 258847.017, 102
Trd, 258847.167, 91
Trd, 258847.400, 91
Trd, 258847.633, 103
Trd, 258847.783, 90
Trd, 258849.067, 112
Trd, 258849.250, 115
Trd, 258849.467, 113
Trd, 258849.500, 111
Trd, 258849.817, 102
Trd, 258850.567, 91
Trd, 258850.867, 95
Trd, 258851.600, 92
Trd, 258851.767, 99
Trd, 258851.933, 92
Trd, 258852.000, 100
Trd, 258852.483, 101
Trd, 258852.800, 93
Trd, 258853.067, 102
Trd, 258853.300, 115
Trd, 258854.017, 106
Trd, 258855.417, 100
Trd, 258855.783, 104
Trd, 258856.083, 109
Trd, 258856.767, 105
Trd, 258856.800, 104
Trd, 258857.383, 104
Trd, 258857.717, 104
Trd, 258857.833, 108
Trd, 258857.850, 103
Trd, 258858.033, 101
Trd, 258859.117, 111
Trd, 258859.167, 98
Trd, 258859.533, 106
Trd, 258859.650, 90
Trd, 258860.367, 110
Trd, 258860.467, 109
Trd, 258860.500, 101
Trd, 258860.550, 113
Trd, 258862.150, 110
Trd, 258862.783, 104
Trd, 258862.833, 100
Trd, 258862.967, 102
Trd, 258864.067, 109
Trd, 258864.367, 104
Trd, 258864.717, 107
Trd, 258864.783, 110
Trd, 258865.433, 99
Trd, 258866.750, 104
Trd, 258867.200, 112
Trd, 258867.417, 101
Trd, 258867.517, 99
Trd, 258868.217, 106
Trd, 258868.283, 98
Trd, 258868.500, 95
Trd, 258868.583, 93
Trd, 258868.600, 113
Trd, 258868.867, 85
Trd, 258869.233, 84
Trd, 258869.350, 103
Trd, 258869.550, 114
Trd, 258870.833, 102
Trd, 258871.017, 101
Trd, 258872.717, 110
Trd, 258873.033, 110
Trd, 258873.167, 109
Trd, 258873.300, 106
Trd, 258873.683, 106
Trd, 258873.783, 107
Trd, 258874.350, 101
Trd, 258874.367, 103
Trd, 258874.550, 99
Trd, 258875.233, 109
Trd, 258875.567, 108
Trd, 258875.667, 107
Trd, 258875.800, 98
Trd, 258876.583, 110
Trd, 258876.867, 111
Trd, 258877.133, 105
Trd, 258877.633, 114
Trd, 258878.550, 101
Trd, 258878.983, 100
Trd, 258879.300, 108
Trd, 258879.600, 105
Trd, 258882.200, 111
Trd, 258882.300, 110
Trd, 258882.533, 109
Trd, 258882.583, 109
Trd, 258882.950, 112
Trd, 258883.383, 112
Trd, 258883.400, 112
Trd, 258883.617, 106
Trd, 258883.683, 112
Trd, 258884.633, 112
Trd, 258884.650, 102
Trd, 258884.683, 101
Trd, 258885.067, 98
Trd, 258885.117, 99
Trd, 258886.417, 104
Trd, 258887.567, 115
Trd, 258887.717, 114
Trd, 258887.783, 107
Trd, 258887.817, 115
Trd, 258889.133, 113
Trd, 258889.533, 105
Trd, 258889.950, 100
Trd, 258890.450, 102
Trd, 258890.917, 113
Trd, 258891.050, 115
Trd, 258891.600, 104
Trd, 258892.067, 115
Trd, 258892.117, 111
Trd, 258892.500, 108
Trd, 258892.550, 97
Trd, 258892.900, 96
Trd, 258893.767, 106
Trd, 258894.150, 101
Trd, 258894.217, 106
Trd, 258894.617, 97
Trd, 258894.667, 93
Trd, 258894.967, 112
Trd, 258895.033, 120
Trd, 258895.567, 100
Trd, 258896.100, 93
Trd, 258896.417, 115
Trd, 258896.950, 106
Trd, 258897.500, 105
Trd, 258897.733, 93
Trd, 258897.767, 112
Trd, 258897.917, 90
Trd, 258898.067, 90
Trd, 258898.150, 97
Trd, 258898.417, 109
Trd, 258898.917, 89
Trd, 258899.067, 99
Trd, 258899.633, 100
Trd, 258899.833, 96
Trd, 258899.950, 108
Trd, 258899.983, 109
Trd, 258900.267, 113
Trd, 258900.383, 105
Trd, 258900.917, 111
Trd, 258902.717, 107
Trd, 258902.783, 98
Trd, 258902.817, 113
Trd, 258902.833, 114
Trd, 258903.200, 104
Trd, 258903.567, 110
Trd, 258904.583, 103
Trd, 258904.683, 101
Trd, 258904.833, 98
Trd, 258904.900, 95
Trd, 258905.500, 103
Trd, 258905.533, 106
Trd, 258905.567, 95
Trd, 258906.250, 106
Trd, 258906.517, 115
Trd, 258907.900, 102
Trd, 258908.100, 115
Trd, 258908.667, 101
Trd, 258909.200, 99
Trd, 258909.617, 110
Trd, 258909.650, 106
Trd, 258909.817, 96
Trd, 258910.433, 105
Trd, 258910.833, 108
Trd, 258911.483, 96
Trd, 258912.217, 97
Trd, 258912.733, 107
Trd, 258912.917, 104
Trd, 258912.983, 109
Trd, 258913.350, 101
Trd, 258913.450, 110
Trd, 258913.533, 93
Trd, 258915.350, 88
Trd, 258915.717, 87
Trd, 258916.150, 97
Trd, 258916.417, 89
Trd, 258916.567, 98
Trd, 258918.067, 112
Trd, 258918.200, 115
Trd, 258918.417, 108
Trd, 258918.483, 115
Trd, 258918.633, 98
Trd, 258918.933, 104
Trd, 258919.517, 98
Trd, 258920.017, 97
Trd, 258920.250, 94
Trd, 258920.483, 92
Trd, 258920.617, 93
Trd, 258920.767, 95
Trd, 258920.933, 103
Trd, 258921.467, 101
Trd, 258921.533, 87
Trd, 258921.633, 107
Trd, 258922.217, 117
Trd, 258922.283, 109
Trd, 258922.500, 95
Trd, 258922.783, 102
Trd, 258922.850, 95
Trd, 258923.867, 105
Trd, 258924.250, 100
Trd, 258924.983, 100
Trd, 258925.067, 116
Trd, 258925.783, 108
Trd, 258927.017, 106
Trd, 258927.083, 117
Trd, 258927.367, 102
Trd, 258927.450, 100
Trd, 258927.650, 102
Trd, 258928.483, 103
Trd, 258928.700, 99
Trd, 258928.733, 98
Trd, 258929.150, 107
Trd, 258929.267, 108
Trd, 258929.950, 112
Trd, 258930.500, 98
Trd, 258931.017, 94
Trd, 258931.300, 99
Trd, 258932.033, 99
Trd, 258932.417, 110
Trd, 258932.483, 103
Trd, 258932.600, 111
Trd, 258932.833, 101
Trd, 258933.067, 112
Trd, 258933.267, 100
Trd, 258933.483, 99
Trd, 258934.033, 106
Trd, 258934.267, 112
Trd, 258934.383, 113
Trd, 258934.967, 109
Trd, 258935.033, 108
Trd, 258935.167, 93
Trd, 258935.250, 90
Trd, 258935.450, 87
Trd, 258936.250, 88
Trd, 258936.483, 92
Trd, 258936.583, 84
Trd, 258937.433, 101
Trd, 258937.767, 95
Trd, 258938.017, 109
Trd, 258938.117, 110
Trd, 258938.283, 109
Trd, 258939.317, 106
Trd, 258939.617, 110
Trd, 258939.767, 112
Trd, 258940.567, 100
Trd, 258940.883, 104
Trd, 258941.217, 98
Trd, 258941.600, 97
Trd, 258941.950, 98
Trd, 258942.250, 95
Trd, 258943.167, 100
Trd, 258943.450, 104
Trd, 258943.933, 100
Trd, 258944.300, 116
Trd, 258944.417, 105
Trd, 258944.733, 117
Trd, 258945.083, 106
Trd, 258945.550, 107
Trd, 258946.250, 112
Trd, 258946.783, 108
Trd, 258947.267, 107
Trd, 258947.650, 100
Trd, 258948.233, 101
Trd, 258948.367, 95
Trd, 258948.383, 94
Trd, 258949.117, 101
Trd, 258949.600, 102
Trd, 258949.717, 104
Trd, 258950.133, 99
Trd, 258950.717, 99
Trd, 258951.133, 99
Trd, 258951.250, 105
Trd, 258951.417, 112
Trd, 258952.300, 108
Trd, 258953.333, 104
Trd, 258953.450, 102
Trd, 258953.700, 112
Trd, 258954.017, 113
Trd, 258954.033, 98
Trd, 258954.517, 115
Trd, 258955.050, 101
Trd, 258955.433, 96
Trd, 258955.600, 93
Trd, 258955.633, 98
Trd, 258955.883, 89
Trd, 258956.733, 86
Trd, 258956.800, 90
Trd, 258956.867, 98
Trd, 258957.000, 112
Trd, 258957.633, 115
Trd, 258957.867, 106
Trd, 258958.617, 115
Trd, 258958.700, 117
Trd, 258959.050, 121
Trd, 258959.067, 108
Trd, 258959.817, 111
Trd, 258959.833, 109
Trd, 258959.933, 114
Trd, 258960.283, 114
Trd, 258960.783, 106
Trd, 258961.650, 105
Trd, 258962.417, 105
Trd, 258962.750, 106
Trd, 258962.817, 104
Trd, 258962.867, 107
Trd, 258962.933, 109
Trd, 258963.217, 109
Trd, 258963.767, 98
Trd, 258964.100, 108
Trd, 258964.667, 100
Trd, 258965.500, 109
Trd, 258965.650, 112
Trd, 258965.767, 101
Trd, 258966.550, 114
Trd, 258966.983, 113
Trd, 258967.050, 106
Trd, 258967.417, 102
Trd, 258968.283, 99
Trd, 258968.383, 100
Trd, 258968.667, 97
Trd, 258969.167, 102
Trd, 258969.267, 103
Trd, 258969.450, 112
Trd, 258969.733, 100
Trd, 258970.517, 110
Trd, 258970.567, 109
Trd, 258971.250, 109
Trd, 258971.383, 99
Trd, 258972.067, 95
Trd, 258972.650, 108
Trd, 258973.367, 107
Trd, 258973.583, 108
Trd, 258973.850, 106
Trd, 258974.233, 108
Trd, 258974.367, 106
Trd, 258974.433, 105
Trd, 258974.667, 98
Trd, 258974.783, 109
Trd, 258975.083, 110
Trd, 258975.117, 112
Trd, 258975.533, 95
Trd, 258975.867, 104
Trd, 258976.300, 99
Trd, 258976.667, 100
Trd, 258977.283, 98
Trd, 258977.350, 101
Trd, 258977.650, 112
Trd, 258978.150, 96
Trd, 258978.300, 113
Trd, 258978.483, 96
Trd, 258979.433, 100
Trd, 258979.900, 118
Trd, 258980.200, 105
Trd, 258980.417, 101
Trd, 258980.783, 99
Trd, 258981.017, 95
Trd, 258981.183, 87
Trd, 258981.700, 106
Trd, 258982.667, 107
Trd, 258983.300, 111
Trd, 258983.350, 113
Trd, 258983.500, 107
Trd, 258984.417, 100
Trd, 258984.800, 104
Trd, 258984.983, 112
Trd, 258985.150, 106
Trd, 258985.583, 116
Trd, 258986.050, 100
Trd, 258986.133, 98
Trd, 258986.417, 98
Trd, 258986.750, 97
Trd, 258987.900, 109
Trd, 258988.000, 110
Trd, 258988.017, 109
Trd, 258988.067, 111
Trd, 258988.350, 97
Trd, 258988.600, 96
Trd, 258989.533, 115
Trd, 258989.600, 111
Trd, 258989.883, 109
Trd, 258990.717, 111
Trd, 258990.883, 105
Trd, 258990.950, 101
Trd, 258991.233, 112
Trd, 258991.600, 109
Trd, 258991.633, 108
Trd, 258991.817, 109
Trd, 258992.767, 104
Trd, 258992.833, 100
Trd, 258993.133, 104
Trd, 258993.533, 100
Trd, 258993.683, 126
Trd, 258994.117, 114
Trd, 258994.467, 123
Trd, 258995.717, 116
Trd, 258996.600, 101
Trd, 258996.883, 99
Trd, 258997.317, 100
Trd, 258997.650, 98
Trd, 258998.200, 96
Trd, 258998.233, 98
Trd, 258999.067, 107
Trd, 258999.133, 111
Trd, 258999.617, 108
Trd, 258999.750, 111
Trd, 259000.067, 94
Trd, 259000.167, 91
Trd, 259000.183, 112
Trd, 259000.250, 115
Trd, 259000.300, 121
Trd, 259001.133, 122
Trd, 259001.283, 107
Trd, 259001.333, 106
Trd, 259001.800, 102
Trd, 259002.250, 117
Trd, 259002.533, 116
Trd, 259002.983, 117
Trd, 259003.317, 112
Trd, 259003.567, 100
Trd, 259003.683, 98
Trd, 259003.783, 118
Trd, 259003.817, 97
Trd, 259004.233, 98
Trd, 259005.017, 95
Trd, 259006.050, 111
Trd, 259006.617, 111
Trd, 259007.317, 112
Trd, 259007.367, 110
Trd, 259008.467, 106
Trd, 259008.550, 108
Trd, 259008.567, 98
Trd, 259008.750, 117
Trd, 259008.950, 99
Trd, 259009.017, 94
Trd, 259010.250, 106
Trd, 259010.300, 101
Trd, 259010.317, 98
Trd, 259010.367, 106
Trd, 259010.417, 107
Trd, 259011.217, 98
Trd, 259012.083, 99
Trd, 259012.433, 105
Trd, 259012.900, 109
Trd, 259013.533, 106
Trd, 259013.683, 99
Trd, 259013.800, 107
Trd, 259014.517, 102
Trd, 259014.683, 101
Trd, 259015.600, 104
Trd, 259015.917, 107
Trd, 259015.967, 111
Trd, 259016.200, 112
Trd, 259016.233, 115
Trd, 259016.300, 101
Trd, 259016.333, 98
Trd, 259016.533, 108
Trd, 259016.667, 95
Trd, 259017.617, 101
Trd, 259018.450, 119
Trd, 259018.683, 110
Trd, 259019.017, 115
Trd, 259019.183, 110
Trd, 259019.367, 106
Trd, 259019.617, 117
Trd, 259019.867, 109
Trd, 259020.133, 108
Trd, 259020.633, 109
Trd, 259020.933, 109
Trd, 259021.067, 108
Trd, 259021.083, 120
Trd, 259021.117, 126
Trd, 259022.000, 107
Trd, 259022.283, 117
Trd, 259022.517, 106
Trd, 259022.783, 99
Trd, 259023.733, 112
Trd, 259024.000, 99
Trd, 259024.550, 99
Trd, 259025.717, 99
Trd, 259026.033, 98
Trd, 259026.133, 99
Trd, 259026.267, 98
Trd, 259026.483, 102
Trd, 259026.500, 112
Trd, 259026.850, 95
Trd, 259026.883, 95
Trd, 259027.467, 112
Trd, 259027.550, 94
Trd, 259028.683, 99
Trd, 259028.800, 100
Trd, 259029.317, 106
Trd, 259029.500, 110
Trd, 259029.683, 98
Trd, 259030.133, 115
Trd, 259030.533, 95
Trd, 259030.683, 96
Trd, 259031.050, 92
Trd, 259032.000, 103
Trd, 259032.217, 107
Trd, 259032.700, 106
Trd, 259032.767, 108
Trd, 259032.833, 96
Trd, 259034.133, 110
Trd, 259034.350, 104
Trd, 259034.867, 109
Trd, 259035.200, 109
Trd, 259035.917, 103
Trd, 259036.100, 101
Trd, 259036.350, 107
Trd, 259037.250, 107
Trd, 259037.683, 107
Trd, 259037.783, 98
Trd, 259038.017, 108
Trd, 259038.433, 105
Trd, 259038.533, 94
Trd, 259038.783, 100
Trd, 259038.950, 101
Trd, 259039.450, 105
Trd, 259040.383, 106
Trd, 259040.483, 105
Trd, 259040.617, 110
Trd, 259041.383, 111
Trd, 259041.567, 104
Trd, 259042.417, 100
Trd, 259042.500, 106
Trd, 259042.700, 98
Trd, 259042.917, 95
Trd, 259044.383, 103
Trd, 259045.083, 104
Trd, 259045.133, 107
Trd, 259045.233, 98
Trd, 259046.250, 107
Trd, 259046.517, 114
Trd, 259047.000, 115
Trd, 259047.600, 109
Trd, 259047.800, 106
Trd, 259048.133, 106
Trd, 259048.167, 113
Trd, 259048.967, 112
Trd, 259048.983, 106
Trd, 259049.083, 113
Trd, 259049.200, 105
Trd, 259049.283, 101
Trd, 259050.117, 99
Trd, 259050.217, 94
Trd, 259050.533, 93
Trd, 259050.667, 104
Trd, 259050.683, 90
Trd, 259051.433, 108
Trd, 259051.817, 117
Trd, 259051.917, 107
Trd, 259052.083, 106
Trd, 259052.433, 107
Trd, 259052.483, 106
Trd, 259052.767, 117
Trd, 259053.517, 117
Trd, 259053.550, 121
Trd, 259054.233, 126
Trd, 259054.317, 116
Trd, 259054.900, 100
Trd, 259055.650, 110
Trd, 259056.633, 109
Trd, 259056.650, 112
Trd, 259056.767, 99
Trd, 259056.817, 115
Trd, 259056.883, 98
Trd, 259057.300, 103
Trd, 259057.400, 96
Trd, 259057.417, 118
Trd, 259057.467, 119
Trd, 259057.850, 96
Trd, 259057.917, 98
Trd, 259058.267, 100
Trd, 259060.233, 107
Trd, 259060.517, 106
Trd, 259061.250, 93
Trd, 259061.283, 97
Trd, 259061.567, 94
Trd, 259062.483, 96
Trd, 259062.700, 97
Trd, 259063.267, 97
Trd, 259063.483, 99
Trd, 259063.800, 115
Trd, 259065.350, 111
Trd, 259065.500, 112
Trd, 259065.600, 118
Trd, 259065.783, 115
Trd, 259066.567, 112
Trd, 259067.300, 111
Trd, 259067.567, 108
Trd, 259067.600, 103
Trd, 259067.683, 98
Trd, 259068.000, 96
Trd, 259068.017, 95
Trd, 259069.583, 108
Trd, 259069.783, 108
Trd, 259069.900, 111
Trd, 259070.200, 106
Trd, 259070.300, 100
Trd, 259071.317, 102
Trd, 259071.533, 105
Trd, 259071.583, 98
Trd, 259071.650, 112
Trd, 259072.433, 98
Trd, 259072.767, 95
Trd, 259072.800, 115
Trd, 259073.117, 93
Trd, 259073.200, 88
Trd, 259073.533, 101
Trd, 259073.750, 90
Trd, 259074.650, 112
Trd, 259074.667, 106
Trd, 259074.800, 122
Trd, 259075.683, 108
Trd, 259075.750, 107
Trd, 259075.767, 108
Trd, 259075.817, 107
Trd, 259076.067, 104
Trd, 259076.333, 115
Trd, 259076.550, 106
Trd, 259076.717, 103
Trd, 259077.100, 98
Trd, 259077.217, 114
Trd, 259077.267, 93
Trd, 259077.333, 84
Trd, 259078.717, 116
Trd, 259078.983, 115
Trd, 259079.650, 108
Trd, 259079.967, 115
Trd, 259079.983, 107
Trd, 259080.333, 117
Trd, 259081.067, 105
Trd, 259081.300, 100
Trd, 259081.633, 109
Trd, 259082.333, 111
Trd, 259082.583, 113
Trd, 259082.767, 106
Trd, 259083.033, 98
Trd, 259083.467, 100
Trd, 259083.600, 112
Trd, 259083.850, 101
Trd, 259084.483, 101
Trd, 259084.600, 111
Trd, 259084.817, 100
Trd, 259085.733, 96
Trd, 259086.083, 102
Trd, 259086.283, 96
Trd, 259086.317, 95
Trd, 259086.983, 102
Trd, 259087.000, 103
Trd, 259087.050, 96
Trd, 259087.067, 95
Trd, 259087.767, 105
Trd, 259088.150, 95
Trd, 259088.200, 107
Trd, 259088.750, 111
Trd, 259089.650, 105
Trd, 259089.933, 101
Trd, 259090.317, 99
Trd, 259090.583, 98
Trd, 259090.600, 103
Trd, 259090.800, 104
Trd, 259091.817, 114
Trd, 259091.933, 95
Trd, 259092.817, 96
Trd, 259093.000, 108
Trd, 259093.567, 93
Trd, 259093.850, 89
Trd, 259094.567, 93
Trd, 259094.650, 93
Trd, 259094.717, 96
Trd, 259095.300, 97
Trd, 259095.433, 99
Trd, 259095.467, 111
Trd, 259095.550, 92
Trd, 259095.700, 101
Trd, 259096.517, 115
Trd, 259096.550, 103
Trd, 259096.933, 114
Trd, 259097.067, 102
Trd, 259097.167, 114
Trd, 259097.733, 120
Trd, 259098.467, 100
Trd, 259098.850, 105
Trd, 259099.767, 104
Trd, 259099.800, 101
Trd, 259099.950, 100
Trd, 259100.067, 95
Trd, 259100.350, 94
Trd, 259100.617, 100
Trd, 259101.200, 105
Trd, 259102.400, 100
Trd, 259102.683, 100
Trd, 259103.467, 110
Trd, 259103.767, 98
Trd, 259104.233, 109
Trd, 259104.533, 96
Trd, 259105.117, 95
Trd, 259105.517, 101
Trd, 259105.850, 102
Trd, 259105.917, 104
Trd, 259106.033, 95
Trd, 259106.183, 94
Trd, 259107.233, 112
Trd, 259107.883, 107
Trd, 259108.350, 110
Trd, 259108.700, 108
Trd, 259109.600, 107
Trd, 259109.983, 107
Trd, 259110.467, 107
Trd, 259110.783, 106
Trd, 259111.133, 110
Trd, 259111.450, 111
Trd, 259111.633, 99
Trd, 259111.800, 106
Trd, 259112.283, 100
Trd, 259112.333, 99
Trd, 259112.600, 102
Trd, 259112.617, 98
Trd, 259112.717, 95
Trd, 259113.717, 93
Trd, 259113.900, 92
Trd, 259113.983, 110
Trd, 259115.450, 97
Trd, 259115.933, 105
Trd, 259116.383, 114
Trd, 259116.450, 111
Trd, 259116.517, 107
Trd, 259116.533, 100
Trd, 259116.933, 113
Trd, 259117.200, 103
Trd, 259117.350, 101
Trd, 259117.750, 99
Trd, 259118.533, 106
Trd, 259118.567, 101
Trd, 259119.933, 106
Trd, 259120.117, 112
Trd, 259120.700, 115
Trd, 259121.183, 116
Trd, 259121.233, 104
Trd, 259121.350, 105
Trd, 259121.417, 100
Trd, 259121.700, 110
Trd, 259122.217, 116
Trd, 259122.733, 98
Trd, 259122.867, 119
Trd, 259123.100, 110
Trd, 259123.117, 95
Trd, 259123.967, 111
Trd, 259124.783, 108
Trd, 259124.800, 108
Trd, 259125.017, 113
Trd, 259125.150, 114
Trd, 259125.750, 113
Trd, 259126.517, 103
Trd, 259127.050, 100
Trd, 259127.367, 94
Trd, 259127.483, 113
Trd, 259127.917, 115
Trd, 259128.233, 106
Trd, 259128.267, 124
Trd, 259128.317, 94
Trd, 259128.650, 118
Trd, 259129.183, 110
Trd, 259129.383, 109
Trd, 259129.717, 103
Trd, 259130.067, 98
Trd, 259130.883, 96
Trd, 259132.083, 95
Trd, 259132.100, 109
Trd, 259132.183, 112
Trd, 259132.717, 100
Trd, 259133.017, 108
Trd, 259134.017, 113
Trd, 259134.133, 114
Trd, 259134.517, 115
Trd, 259134.600, 98
Trd, 259134.967, 99
Trd, 259135.200, 94
Trd, 259135.750, 116
Trd, 259136.100, 108
Trd, 259136.383, 111
Trd, 259137.167, 100
Trd, 259137.600, 106
Trd, 259137.700, 104
Trd, 259138.100, 114
Trd, 259138.150, 98
Trd, 259138.267, 96
Trd, 259138.300, 115
Trd, 259138.667, 113
Trd, 259139.100, 115
Trd, 259139.800, 100
Trd, 259140.067, 110
Trd, 259140.767, 98
Trd, 259141.000, 105
Trd, 259141.333, 97
Trd, 259141.867, 96
Trd, 259142.467, 95
Trd, 259142.717, 104
Trd, 259143.000, 97
Trd, 259143.650, 112
Trd, 259143.867, 110
Trd, 259144.383, 115
Trd, 259144.500, 105
Trd, 259144.783, 101
Trd, 259144.917, 102
Trd, 259144.983, 98
Trd, 259145.400, 98
Trd, 259146.033, 107
Trd, 259146.167, 98
Trd, 259146.267, 96
Trd, 259146.767, 100
Trd, 259146.967, 98
Trd, 259147.417, 111
Trd, 259147.583, 94
Trd, 259147.617, 112
Trd, 259147.817, 94
Trd, 259148.400, 100
Trd, 259148.567, 93
Trd, 259148.583, 101
Trd, 259148.883, 106
Trd, 259149.300, 107
Trd, 259149.417, 112
Trd, 259149.900, 99
Trd, 259151.467, 105
Trd, 259151.583, 100
Trd, 259151.950, 111
Trd, 259152.900, 100
Trd, 259153.017, 99
Trd, 259153.133, 105
Trd, 259153.367, 106
Trd, 259154.667, 114
Trd, 259154.700, 100
Trd, 259154.917, 110
Trd, 259155.067, 115
Trd, 259155.467, 112
Trd, 259156.133, 102
Trd, 259156.200, 101
Trd, 259156.233, 100
Trd, 259156.317, 102
Trd, 259156.350, 98
Trd, 259157.133, 95
Trd, 259157.450, 101
Trd, 259157.733, 112
Trd, 259158.217, 93
Trd, 259158.467, 101
Trd, 259158.683, 115
Trd, 259158.867, 101
Trd, 259159.533, 101
Trd, 259160.100, 108
Trd, 259160.783, 99
Trd, 259160.950, 105
Trd, 259160.967, 98
Trd, 259161.817, 114
Trd, 259162.450, 94
Trd, 259162.600, 93
Trd, 259163.067, 92
Trd, 259164.800, 111
Trd, 259164.950, 110
Trd, 259165.333, 105
Trd, 259165.383, 111
Trd, 259165.433, 112
Trd, 259165.517, 114
Trd, 259166.050, 103
Trd, 259166.417, 98
Trd, 259166.800, 106
Trd, 259167.400, 111
Trd, 259167.833, 109
Trd, 259168.200, 116
Trd, 259168.300, 120
Trd, 259168.933, 105
Trd, 259169.033, 112
Trd, 259169.100, 103
Trd, 259169.867, 100
Trd, 259169.917, 99
Trd, 259170.033, 110
Trd, 259170.217, 102
Trd, 259171.083, 104
Trd, 259171.433, 106
Trd, 259171.983, 103
Trd, 259172.417, 106
Trd, 259173.000, 112
Trd, 259173.267, 100
Trd, 259173.600, 98
Trd, 259173.967, 101
Trd, 259174.617, 98
Trd, 259174.950, 98
Trd, 259175.000, 97
Trd, 259175.617, 93
Trd, 259175.933, 96
Trd, 259176.100, 95
Trd, 259176.117, 100
Trd, 259176.383, 87
Trd, 259176.967, 109
Trd, 259177.150, 111
Trd, 259177.950, 109
Trd, 259178.117, 112
Trd, 259178.200, 109
Trd, 259178.550, 108
Trd, 259178.583, 105
Trd, 259178.800, 104
Trd, 259178.933, 122
Trd, 259179.317, 93
Trd, 259180.567, 121
Trd, 259180.683, 106
Trd, 259180.717, 95
Trd, 259181.050, 125
Trd, 259181.217, 95
Trd, 259182.883, 93
Trd, 259183.183, 106
Trd, 259183.350, 106
Trd, 259183.467, 92
Trd, 259183.967, 99
Trd, 259184.400, 92
Trd, 259184.433, 106
Trd, 259184.767, 109
Trd, 259185.217, 95
Trd, 259185.800, 102
Trd, 259186.067, 101
Trd, 259186.467, 98
Trd, 259186.600, 113
Trd, 259186.767, 97
Trd, 259186.783, 114
Trd, 259187.000, 107
Trd, 259187.117, 93
Trd, 259187.600, 87
Trd, 259188.350, 112
Trd, 259188.650, 108
Trd, 259189.050, 95
Trd, 259189.250, 97
Trd, 259189.517, 88
Trd, 259190.900, 100
Trd, 259190.933, 101
Trd, 259190.983, 103
Trd, 259191.167, 100
Trd, 259191.600, 104
Trd, 259193.217, 108
Trd, 259193.917, 109
Trd, 259194.150, 109
Trd, 259194.250, 107
Trd, 259194.417, 106
Trd, 259195.100, 112
Trd, 259195.117, 106
Trd, 259195.150, 115
Trd, 259195.250, 106
Trd, 259195.467, 109
Trd, 259195.750, 115
Trd, 259195.850, 103
Trd, 259197.283, 102
Trd, 259198.533, 102
Trd, 259198.600, 104
Trd, 259198.850, 105
Trd, 259199.617, 114
Trd, 259199.817, 115
Trd, 259199.867, 121
Trd, 259199.950, 98
