Trd, 258471.433, 103
Trd, 258472.067, 103
Trd, 258472.283, 102
Trd, 258472.833, 108
Trd, 258473.217, 98
Trd, 258473.367, 103
Trd, 258473.967, 104
Trd, 258474.333, 103
Trd, 258474.500, 99
Trd, 258474.633, 102
Trd, 258475.150, 101
Trd, 258475.900, 105
Trd, 258476.017, 107
Trd, 258477.750, 104
Trd, 258478.900, 117
Trd, 258479.267, 125
Trd, 258479.633, 115
Trd, 258479.933, 122
Trd, 258480.017, 105
Trd, 258480.983, 122
Trd, 258481.117, 98
Trd, 258481.700, 109
Trd, 258482.500, 103
Trd, 258482.967, 104
Trd, 258483.100, 109
Trd, 258483.450, 103
Trd, 258483.583, 111
Trd, 258484.083, 101
Trd, 258484.483, 110
Trd, 258485.000, 111
Trd, 258485.333, 105
Trd, 258485.633, 92
Trd, 258486.600, 90
Trd, 258486.800, 93
Trd, 258487.000, 96
Trd, 258487.350, 97
Trd, 258488.833, 106
Trd, 258488.950, 108
Trd, 258489.650, 106
Trd, 258490.100, 109
Trd, 258491.217, 105
Trd, 258492.417, 99
Trd, 258492.917, 103
Trd, 258492.983, 100
Trd, 258493.150, 101
Trd, 258493.167, 98
Trd, 258493.333, 124
Trd, 258494.517, 110
Trd, 258495.433, 100
Trd, 258495.967, 109
Trd, 258496.267, 109
Trd, 258496.650, 92
Trd, 258497.467, 99
Trd, 258499.950, 101
Trd, 258500.133, 110
Trd, 258500.433, 111
Trd, 258501.133, 102
Trd, 258501.183, 90
Trd, 258501.400, 113
Trd, 258502.167, 113
Trd, 258502.517, 112
Trd, 258503.383, 115
Trd, 258503.767, 96
Trd, 258504.117, 89
Trd, 258504.233, 108
Trd, 258504.700, 96
Trd, 258505.083, 89
Trd, 258505.633, 105
Trd, 258506.983, 88
Trd, 258507.117, 106
Trd, 258507.417, 109
Trd, 258507.767, 112
Trd, 258508.117, 89
Trd, 258508.600, 99
Trd, 258509.850, 112
Trd, 258510.600, 106
Trd, 258511.283, 109
Trd, 258511.567, 109
Trd, 258512.233, 109
Trd, 258512.617, 96
Trd, 258512.683, 97
Trd, 258512.950, 97
Trd, 258515.083, 107
Trd, 258515.150, 104
Trd, 258515.983, 117
Trd, 258516.167, 118
Trd, 258516.233, 104
Trd, 258516.917, 109
Trd, 258517.183, 103
Trd, 258517.500, 110
Trd, 258517.800, 111
Trd, 258518.383, 117
Trd, 258519.933, 106
Trd, 258519.950, 102
Trd, 258520.317, 90
Trd, 258520.867, 108
Trd, 258521.333, 99
Trd, 258521.617, 110
Trd, 258521.883, 117
Trd, 258523.117, 99
Trd, 258523.617, 107
Trd, 258524.900, 98
Trd, 258525.083, 104
Trd, 258525.983, 98
Trd, 258526.300, 98
Trd, 258526.700, 105
Trd, 258527.933, 108
Trd, 258528.533, 103
Trd, 258529.483, 105
Trd, 258529.550, 103
Trd, 258530.383, 108
Trd, 258530.450, 98
Trd, 258531.050, 109
Trd, 258532.633, 99
Trd, 258532.900, 82
Trd, 258532.950, 95
Trd, 258533.050, 107
Trd, 258533.567, 112
Trd, 258534.217, 92
Trd, 258534.983, 108
Trd, 258535.950, 109
Trd, 258536.133, 112
Trd, 258536.500, 98
Trd, 258538.000, 99
Trd, 258538.350, 96
Trd, 258538.433, 102
Trd, 258539.467, 91
Trd, 258539.800, 121
Trd, 258540.167, 122
Trd, 258540.417, 131
Trd, 258542.550, 96
Trd, 258542.583, 97
Trd, 258542.700, 109
Trd, 258543.183, 101
Trd, 258544.000, 119
Trd, 258544.500, 124
Trd, 258545.567, 91
Trd, 258545.750, 90
Trd, 258546.250, 90
Trd, 258546.533, 85
Trd, 258546.750, 111
Trd, 258546.917, 113
Trd, 258547.200, 106
Trd, 258547.650, 114
Trd, 258549.100, 92
Trd, 258549.150, 100
Trd, 258549.717, 90
Trd, 258550.217, 107
Trd, 258550.767, 100
Trd, 258550.933, 109
Trd, 258551.017, 100
Trd, 258552.867, 119
Trd, 258553.483, 120
Trd, 258553.700, 111
Trd, 258554.800, 110
Trd, 258555.033, 104
Trd, 258555.300, 101
Trd, 258555.317, 127
Trd, 258555.617, 98
Trd, 258556.000, 124
Trd, 258556.033, 111
Trd, 258556.600, 111
Trd, 258556.833, 97
Trd, 258557.250, 125
Trd, 258557.650, 96
Trd, 258558.033, 130
Trd, 258558.500, 112
Trd, 258560.467, 98
Trd, 258560.983, 90
Trd, 258561.167, 114
Trd, 258561.617, 99
Trd, 258562.250, 97
Trd, 258562.750, 112
Trd, 258562.817, 119
Trd, 258563.267, 117
Trd, 258564.017, 95
Trd, 258564.217, 96
Trd, 258564.383, 114
Trd, 258564.517, 89
Trd, 258565.567, 120
Trd, 258566.733, 99
Trd, 258566.767, 117
Trd, 258567.033, 98
Trd, 258567.417, 84
Trd, 258568.133, 107
Trd, 258569.083, 109
Trd, 258569.367, 107
Trd, 258569.617, 102
Trd, 258569.800, 96
Trd, 258569.917, 107
Trd, 258569.950, 108
Trd, 258570.967, 111
Trd, 258571.033, 108
Trd, 258571.633, 119
Trd, 258572.683, 107
Trd, 258572.750, 109
Trd, 258573.000, 90
Trd, 258573.233, 109
Trd, 258573.667, 100
Trd, 258575.050, 96
Trd, 258575.633, 84
Trd, 258576.017, 97
Trd, 258576.333, 122
Trd, 258577.367, 106
Trd, 258577.600, 90
Trd, 258577.800, 88
Trd, 258578.650, 113
Trd, 258579.133, 125
Trd, 258580.233, 128
Trd, 258580.733, 128
Trd, 258580.983, 112
Trd, 258581.633, 106
Trd, 258582.217, 106
Trd, 258582.300, 103
Trd, 258583.600, 97
Trd, 258584.150, 109
Trd, 258584.233, 115
Trd, 258584.550, 100
Trd, 258585.183, 116
Trd, 258586.050, 94
Trd, 258587.567, 109
Trd, 258588.850, 106
Trd, 258589.367, 110
Trd, 258589.483, 113
Trd, 258589.700, 101
Trd, 258590.033, 103
Trd, 258590.383, 105
Trd, 258590.717, 99
Trd, 258591.250, 100
Trd, 258591.600, 95
Trd, 258592.317, 96
Trd, 258592.500, 90
Trd, 258592.650, 103
Trd, 258592.850, 84
Trd, 258592.867, 82
Trd, 258593.633, 105
Trd, 258593.683, 108
Trd, 258594.717, 95
Trd, 258595.133, 131
Trd, 258595.333, 98
Trd, 258596.567, 112
Trd, 258597.383, 115
Trd, 258598.883, 98
Trd, 258599.067, 116
Trd, 258599.667, 118
Trd, 258600.900, 102
Trd, 258601.267, 103
Trd, 258601.967, 100
Trd, 258602.067, 98
Trd, 258602.750, 101
Trd, 258603.483, 112
Trd, 258603.867, 109
Trd, 258604.267, 118
Trd, 258604.900, 100
Trd, 258605.100, 110
Trd, 258605.250, 106
Trd, 258605.450, 98
Trd, 258606.133, 107
Trd, 258607.917, 111
Trd, 258609.750, 113
Trd, 258609.933, 108
Trd, 258610.167, 114
Trd, 258610.200, 119
Trd, 258610.433, 93
Trd, 258610.767, 97
Trd, 258610.800, 109
Trd, 258611.533, 92
Trd, 258611.667, 105
Trd, 258613.400, 90
Trd, 258614.100, 89
Trd, 258614.583, 90
Trd, 258614.600, 99
Trd, 258616.233, 90
Trd, 258616.617, 107
Trd, 258616.800, 108
Trd, 258617.000, 82
Trd, 258617.317, 102
Trd, 258617.400, 109
Trd, 258618.100, 122
Trd, 258618.133, 118
Trd, 258619.950, 118
Trd, 258620.817, 90
Trd, 258621.850, 107
Trd, 258621.917, 95
Trd, 258622.083, 99
Trd, 258622.767, 108
Trd, 258624.383, 109
Trd, 258624.750, 108
Trd, 258626.500, 115
Trd, 258627.200, 103
Trd, 258627.767, 110
Trd, 258628.667, 112
Trd, 258629.183, 107
Trd, 258629.717, 104
Trd, 258630.017, 110
Trd, 258630.117, 98
Trd, 258631.900, 108
Trd, 258632.167, 102
Trd, 258632.250, 109
Trd, 258632.267, 110
Trd, 258632.650, 100
Trd, 258632.700, 118
Trd, 258633.133, 89
Trd, 258633.400, 110
Trd, 258634.117, 106
Trd, 258634.783, 102
Trd, 258635.000, 111
Trd, 258635.133, 112
Trd, 258635.817, 100
Trd, 258636.467, 114
Trd, 258636.533, 112
Trd, 258638.000, 113
Trd, 258638.333, 115
Trd, 258639.517, 95
Trd, 258640.733, 95
Trd, 258640.783, 108
Trd, 258642.417, 94
Trd, 258642.633, 107
Trd, 258643.250, 98
Trd, 258643.950, 97
Trd, 258644.450, 102
Trd, 258645.233, 100
Trd, 258645.633, 107
Trd, 258645.700, 131
Trd, 258646.517, 99
Trd, 258646.783, 98
Trd, 258647.850, 118
Trd, 258648.367, 116
Trd, 258649.950, 113
Trd, 258650.950, 118
Trd, 258651.050, 108
Trd, 258651.150, 108
Trd, 258651.783, 117
Trd, 258652.617, 121
Trd, 258653.033, 122
Trd, 258653.483, 112
Trd, 258654.067, 115
Trd, 258654.083, 113
Trd, 258655.067, 118
Trd, 258657.083, 108
Trd, 258658.300, 108
Trd, 258658.350, 104
Trd, 258659.583, 109
Trd, 258659.767, 102
Trd, 258660.683, 119
Trd, 258660.967, 119
Trd, 258661.933, 120
Trd, 258662.283, 106
Trd, 258662.317, 105
Trd, 258663.000, 114
Trd, 258663.667, 89
Trd, 258663.883, 82
Trd, 258664.350, 79
Trd, 258664.667, 100
Trd, 258664.900, 73
Trd, 258665.867, 108
Trd, 258665.933, 106
Trd, 258666.200, 109
Trd, 258666.967, 106
Trd, 258667.283, 104
Trd, 258667.367, 109
Trd, 258668.917, 116
Trd, 258669.200, 112
Trd, 258670.317, 112
Trd, 258671.600, 98
Trd, 258672.050, 105
Trd, 258672.750, 106
Trd, 258673.017, 107
Trd, 258673.050, 107
Trd, 258673.367, 97
Trd, 258674.433, 108
Trd, 258674.750, 117
Trd, 258675.150, 113
Trd, 258676.650, 98
Trd, 258676.867, 97
Trd, 258677.417, 105
Trd, 258677.817, 107
Trd, 258678.583, 116
Trd, 258678.633, 89
Trd, 258679.050, 84
Trd, 258679.467, 118
Trd, 258680.133, 105
Trd, 258680.433, 84
Trd, 258681.767, 103
Trd, 258681.950, 107
Trd, 258682.300, 108
Trd, 258682.600, 95
Trd, 258683.217, 101
Trd, 258683.750, 90
Trd, 258683.983, 108
Trd, 258685.567, 105
Trd, 258686.883, 98
Trd, 258686.933, 93
Trd, 258687.083, 108
Trd, 258687.817, 107
Trd, 258688.700, 109
Trd, 258688.750, 100
Trd, 258689.167, 113
Trd, 258689.233, 117
Trd, 258691.467, 109
Trd, 258691.867, 114
Trd, 258692.833, 98
Trd, 258693.217, 123
Trd, 258693.850, 93
Trd, 258694.450, 109
Trd, 258695.233, 114
Trd, 258695.267, 116
Trd, 258695.317, 93
Trd, 258695.500, 103
Trd, 258695.583, 88
Trd, 258695.833, 120
Trd, 258697.317, 115
Trd, 258697.533, 100
Trd, 258697.567, 98
Trd, 258697.900, 119
Trd, 258698.183, 89
Trd, 258699.233, 92
Trd, 258700.083, 104
Trd, 258700.683, 93
Trd, 258702.617, 101
Trd, 258703.300, 107
Trd, 258703.400, 109
Trd, 258704.467, 112
Trd, 258704.567, 101
Trd, 258705.317, 105
Trd, 258705.500, 103
Trd, 258706.433, 109
Trd, 258706.783, 104
Trd, 258707.317, 105
Trd, 258708.183, 106
Trd, 258708.300, 90
Trd, 258709.483, 105
Trd, 258709.683, 93
Trd, 258709.917, 109
Trd, 258711.100, 95
Trd, 258711.617, 96
Trd, 258712.217, 109
Trd, 258712.750, 101
Trd, 258713.350, 103
Trd, 258713.633, 102
Trd, 258714.417, 96
Trd, 258715.417, 97
Trd, 258715.700, 112
Trd, 258717.067, 113
Trd, 258718.133, 101
Trd, 258718.400, 105
Trd, 258718.433, 109
Trd, 258719.383, 116
Trd, 258719.917, 104
Trd, 258720.283, 104
Trd, 258720.300, 103
Trd, 258720.983, 117
Trd, 258721.783, 112
Trd, 258722.183, 98
Trd, 258723.200, 100
Trd, 258723.267, 99
Trd, 258723.450, 98
Trd, 258723.817, 103
Trd, 258725.100, 92
Trd, 258725.700, 106
Trd, 258726.033, 107
Trd, 258726.450, 106
Trd, 258726.900, 109
Trd, 258728.117, 102
Trd, 258728.533, 107
Trd, 258729.633, 95
Trd, 258730.183, 95
Trd, 258730.217, 107
Trd, 258730.583, 108
Trd, 258731.083, 109
Trd, 258732.033, 118
Trd, 258732.383, 106
Trd, 258732.767, 131
Trd, 258733.183, 91
Trd, 258734.067, 99
Trd, 258734.750, 104
Trd, 258734.783, 98
Trd, 258734.833, 117
Trd, 258736.033, 97
Trd, 258736.200, 106
Trd, 258736.567, 100
Trd, 258737.100, 98
Trd, 258737.883, 105
Trd, 258738.350, 101
Trd, 258738.667, 91
Trd, 258739.083, 106
Trd, 258739.350, 109
Trd, 258740.417, 100
Trd, 258741.167, 96
Trd, 258741.650, 99
Trd, 258743.400, 106
Trd, 258743.700, 103
Trd, 258744.017, 103
Trd, 258744.300, 108
Trd, 258744.800, 106
Trd, 258745.150, 103
Trd, 258745.450, 109
Trd, 258746.300, 107
Trd, 258746.817, 130
Trd, 258746.833, 99
Trd, 258747.017, 98
Trd, 258747.833, 128
Trd, 258748.983, 129
Trd, 258749.000, 120
Trd, 258750.183, 91
Trd, 258752.117, 102
Trd, 258752.633, 119
Trd, 258752.867, 114
Trd, 258753.633, 107
Trd, 258753.917, 100
Trd, 258755.317, 99
Trd, 258755.350, 107
Trd, 258756.117, 99
Trd, 258756.567, 98
Trd, 258757.767, 105
Trd, 258758.750, 106
Trd, 258759.000, 105
Trd, 258759.033, 117
Trd, 258759.483, 122
Trd, 258759.850, 110
Trd, 258761.433, 114
Trd, 258761.783, 101
Trd, 258762.900, 110
Trd, 258763.017, 98
Trd, 258763.250, 92
Trd, 258763.350, 105
Trd, 258764.383, 113
Trd, 258764.683, 120
Trd, 258764.900, 100
Trd, 258765.017, 89
Trd, 258765.083, 95
Trd, 258765.133, 105
Trd, 258765.250, 106
Trd, 258767.317, 114
Trd, 258768.700, 107
Trd, 258769.117, 102
Trd, 258770.083, 99
Trd, 258770.900, 122
Trd, 258771.483, 121
Trd, 258771.533, 117
Trd, 258771.983, 98
Trd, 258772.300, 102
Trd, 258772.950, 126
Trd, 258774.500, 119
Trd, 258774.817, 91
Trd, 258775.233, 98
Trd, 258775.467, 89
Trd, 258775.767, 91
Trd, 258776.600, 91
Trd, 258776.883, 90
Trd, 258777.017, 92
Trd, 258777.050, 108
Trd, 258777.317, 109
Trd, 258778.533, 107
Trd, 258779.100, 114
Trd, 258780.133, 107
Trd, 258780.833, 106
Trd, 258780.900, 98
Trd, 258781.800, 100
Trd, 258782.417, 96
Trd, 258782.500, 101
Trd, 258782.517, 95
Trd, 258784.167, 101
Trd, 258784.183, 105
Trd, 258785.450, 103
Trd, 258785.833, 107
Trd, 258785.850, 109
Trd, 258786.200, 98
Trd, 258787.067, 101
Trd, 258787.617, 112
Trd, 258788.783, 106
Trd, 258789.733, 106
Trd, 258790.600, 96
Trd, 258791.233, 97
Trd, 258791.333, 109
Trd, 258791.550, 107
Trd, 258792.533, 109
Trd, 258793.150, 94
Trd, 258793.517, 112
Trd, 258793.617, 100
Trd, 258794.867, 124
Trd, 258795.417, 108
Trd, 258796.967, 93
Trd, 258797.017, 95
Trd, 258797.250, 118
Trd, 258797.683, 101
Trd, 258798.150, 116
Trd, 258799.000, 110
Trd, 258799.417, 112
Trd, 258800.167, 96
Trd, 258800.433, 94
Trd, 258800.533, 89
Trd, 258801.050, 91
Trd, 258801.300, 97
Trd, 258801.950, 111
Trd, 258802.383, 96
Trd, 258803.350, 109
Trd, 258803.383, 110
Trd, 258804.700, 113
Trd, 258804.800, 112
Trd, 258805.650, 110
Trd, 258805.817, 105
Trd, 258806.233, 98
Trd, 258807.650, 107
Trd, 258808.333, 108
Trd, 258808.683, 109
Trd, 258808.883, 112
Trd, 258809.117, 94
Trd, 258809.850, 97
Trd, 258810.733, 98
Trd, 258811.250, 117
Trd, 258813.250, 131
Trd, 258814.250, 98
Trd, 258815.267, 96
Trd, 258815.567, 106
Trd, 258815.717, 117
Trd, 258816.117, 96
Trd, 258816.417, 96
Trd, 258817.883, 131
Trd, 258818.417, 129
Trd, 258818.483, 112
Trd, 258819.050, 98
Trd, 258820.150, 109
Trd, 258821.767, 115
Trd, 258821.900, 115
Trd, 258821.933, 110
Trd, 258822.467, 102
Trd, 258823.767, 99
Trd, 258824.617, 104
Trd, 258825.200, 106
Trd, 258825.350, 102
Trd, 258825.833, 109
Trd, 258826.017, 114
Trd, 258827.350, 109
Trd, 258828.200, 106
Trd, 258828.433, 109
Trd, 258828.800, 109
Trd, 258829.417, 110
Trd, 258829.767, 108
Trd, 258829.783, 102
Trd, 258830.667, 115
Trd, 258831.733, 107
Trd, 258833.383, 98
Trd, 258833.617, 109
Trd, 258834.100, 107
Trd, 258834.183, 110
Trd, 258834.700, 109
Trd, 258835.133, 97
Trd, 258836.767, 113
Trd, 258837.650, 108
Trd, 258837.667, 107
Trd, 258838.283, 98
Trd, 258838.383, 87
Trd, 258838.533, 115
Trd, 258839.100, 115
Trd, 258839.200, 124
Trd, 258839.967, 94
Trd, 258840.217, 95
Trd, 258840.900, 105
Trd, 258841.800, 125
Trd, 258842.667, 98
Trd, 258842.900, 96
Trd, 258843.250, 117
Trd, 258845.400, 120
Trd, 258845.583, 119
Trd, 258846.417, 112
Trd, 258846.933, 118
Trd, 258847.050, 114
Trd, 258847.167, 118
Trd, 258847.733, 113
Trd, 258848.550, 112
Trd, 258849.517, 98
Trd, 258849.850, 90
Trd, 258850.083, 110
Trd, 258850.200, 77
Trd, 258850.733, 90
Trd, 258852.300, 105
Trd, 258852.667, 105
Trd, 258853.750, 108
Trd, 258853.883, 94
Trd, 258854.300, 101
Trd, 258854.833, 102
Trd, 258855.250, 99
Trd, 258855.567, 99
Trd, 258855.867, 107
Trd, 258856.483, 96
Trd, 258856.917, 84
Trd, 258856.950, 87
Trd, 258857.050, 82
Trd, 258857.483, 117
Trd, 258858.333, 91
Trd, 258859.283, 117
Trd, 258859.483, 116
Trd, 258859.867, 117
Trd, 258860.883, 117
Trd, 258861.933, 115
Trd, 258862.017, 112
Trd, 258862.367, 98
Trd, 258862.400, 98
Trd, 258863.033, 93
Trd, 258863.967, 106
Trd, 258864.067, 105
Trd, 258864.200, 90
Trd, 258864.300, 106
Trd, 258864.717, 109
Trd, 258865.833, 120
Trd, 258866.333, 110
Trd, 258866.867, 99
Trd, 258867.200, 105
Trd, 258867.383, 103
Trd, 258867.683, 106
Trd, 258868.650, 133
Trd, 258868.733, 133
Trd, 258868.833, 98
Trd, 258870.033, 131
Trd, 258870.150, 117
Trd, 258871.367, 96
Trd, 258871.733, 100
Trd, 258872.517, 106
Trd, 258873.067, 104
Trd, 258873.683, 95
Trd, 258874.117, 106
Trd, 258874.350, 109
Trd, 258875.850, 118
Trd, 258875.917, 108
Trd, 258877.083, 116
Trd, 258877.117, 102
Trd, 258878.250, 109
Trd, 258878.917, 101
Trd, 258879.317, 102
Trd, 258879.417, 98
Trd, 258879.500, 118
Trd, 258879.950, 120
Trd, 258880.400, 94
Trd, 258880.767, 104
Trd, 258881.850, 110
Trd, 258882.033, 117
Trd, 258882.467, 112
Trd, 258882.850, 91
Trd, 258884.117, 106
Trd, 258884.333, 98
Trd, 258884.467, 108
Trd, 258884.550, 102
Trd, 258884.683, 109
Trd, 258884.767, 104
Trd, 258885.700, 101
Trd, 258886.150, 104
Trd, 258886.850, 98
Trd, 258888.017, 106
Trd, 258888.417, 107
Trd, 258888.650, 107
Trd, 258888.767, 109
Trd, 258889.233, 117
Trd, 258890.000, 117
Trd, 258890.017, 113
Trd, 258891.450, 114
Trd, 258891.517, 101
Trd, 258892.033, 98
Trd, 258892.133, 98
Trd, 258894.267, 120
Trd, 258894.733, 113
Trd, 258895.050, 105
Trd, 258895.867, 106
Trd, 258896.600, 106
Trd, 258896.750, 97
Trd, 258896.850, 116
Trd, 258897.433, 118
Trd, 258897.683, 97
Trd, 258897.900, 98
Trd, 258898.217, 99
Trd, 258898.750, 100
Trd, 258899.933, 106
Trd, 258900.300, 116
Trd, 258900.583, 98
Trd, 258900.983, 89
Trd, 258902.200, 96
Trd, 258902.367, 96
Trd, 258902.500, 117
Trd, 258904.167, 107
Trd, 258904.683, 121
Trd, 258904.783, 117
Trd, 258904.950, 99
Trd, 258905.683, 119
Trd, 258906.550, 117
Trd, 258907.000, 114
Trd, 258907.350, 120
Trd, 258907.783, 106
Trd, 258908.067, 107
Trd, 258909.033, 115
Trd, 258910.133, 118
Trd, 258911.183, 104
Trd, 258911.200, 98
Trd, 258911.850, 96
Trd, 258912.317, 104
Trd, 258912.433, 108
Trd, 258913.233, 106
Trd, 258913.283, 100
Trd, 258914.267, 120
Trd, 258914.633, 96
Trd, 258915.733, 96
Trd, 258915.750, 94
Trd, 258917.100, 104
Trd, 258917.200, 119
Trd, 258917.867, 111
Trd, 258918.450, 132
Trd, 258919.817, 100
Trd, 258920.900, 107
Trd, 258921.417, 108
Trd, 258921.650, 107
Trd, 258922.483, 127
Trd, 258922.633, 123
Trd, 258922.983, 96
Trd, 258923.200, 95
Trd, 258923.800, 114
Trd, 258925.617, 112
Trd, 258925.633, 111
Trd, 258926.033, 105
Trd, 258926.183, 113
Trd, 258926.217, 114
Trd, 258927.850, 111
Trd, 258928.717, 111
Trd, 258929.767, 102
Trd, 258930.017, 109
Trd, 258930.533, 93
Trd, 258931.867, 102
Trd, 258932.033, 112
Trd, 258932.083, 113
Trd, 258932.150, 117
Trd, 258932.233, 94
Trd, 258933.017, 95
Trd, 258933.167, 108
Trd, 258933.650, 104
Trd, 258934.883, 94
Trd, 258935.650, 109
Trd, 258935.967, 117
Trd, 258936.250, 113
Trd, 258937.450, 105
Trd, 258938.717, 108
Trd, 258939.500, 107
Trd, 258940.217, 106
Trd, 258940.717, 108
Trd, 258942.100, 118
Trd, 258942.450, 119
Trd, 258942.800, 115
Trd, 258944.483, 106
Trd, 258944.533, 120
Trd, 258945.233, 127
Trd, 258945.650, 106
Trd, 258945.900, 114
Trd, 258947.200, 97
Trd, 258947.283, 107
Trd, 258947.400, 108
Trd, 258947.700, 92
Trd, 258947.967, 128
Trd, 258948.783, 96
Trd, 258949.750, 114
Trd, 258950.567, 100
Trd, 258951.367, 107
Trd, 258951.683, 97
Trd, 258951.883, 118
Trd, 258953.883, 122
Trd, 258954.467, 116
Trd, 258955.567, 98
Trd, 258956.533, 99
Trd, 258957.550, 110
Trd, 258957.983, 109
Trd, 258958.333, 101
Trd, 258959.100, 109
Trd, 258959.117, 108
Trd, 258959.883, 112
Trd, 258960.150, 110
Trd, 258960.800, 113
Trd, 258961.017, 118
Trd, 258962.267, 102
Trd, 258962.367, 98
Trd, 258962.917, 91
Trd, 258963.083, 126
Trd, 258964.383, 106
Trd, 258965.617, 122
Trd, 258966.583, 109
Trd, 258966.600, 127
Trd, 258967.967, 124
Trd, 258968.283, 89
Trd, 258968.533, 103
Trd, 258969.783, 97
Trd, 258970.150, 109
Trd, 258970.167, 110
Trd, 258970.367, 121
Trd, 258970.883, 113
Trd, 258971.917, 117
Trd, 258973.233, 123
Trd, 258973.783, 106
Trd, 258974.067, 112
Trd, 258974.117, 113
Trd, 258974.533, 109
Trd, 258974.583, 103
Trd, 258974.950, 117
Trd, 258975.400, 98
Trd, 258976.233, 114
Trd, 258976.650, 103
Trd, 258976.900, 102
Trd, 258977.817, 113
Trd, 258978.583, 101
Trd, 258978.950, 105
Trd, 258979.900, 104
Trd, 258980.783, 105
Trd, 258980.933, 106
Trd, 258981.550, 108
Trd, 258981.933, 98
Trd, 258982.683, 95
Trd, 258983.017, 99
Trd, 258983.183, 92
Trd, 258983.450, 104
Trd, 258983.650, 106
Trd, 258984.900, 91
Trd, 258985.350, 90
Trd, 258985.783, 95
Trd, 258985.833, 106
Trd, 258986.067, 87
Trd, 258986.750, 86
Trd, 258986.867, 95
Trd, 258987.317, 116
Trd, 258987.667, 116
Trd, 258989.483, 107
Trd, 258989.717, 109
Trd, 258991.650, 109
Trd, 258991.800, 104
Trd, 258992.133, 100
Trd, 258992.383, 99
Trd, 258992.500, 117
Trd, 258992.833, 117
Trd, 258993.283, 115
Trd, 258993.683, 100
Trd, 258993.933, 118
Trd, 258994.767, 131
Trd, 258996.233, 112
Trd, 258996.317, 99
Trd, 258996.750, 109
Trd, 258998.867, 124
Trd, 258999.317, 112
Trd, 258999.367, 105
Trd, 258999.933, 107
Trd, 258999.967, 125
Trd, 259001.200, 106
Trd, 259001.333, 98
Trd, 259001.467, 108
Trd, 259001.533, 103
Trd, 259001.883, 124
Trd, 259002.767, 125
Trd, 259004.217, 98
Trd, 259005.133, 90
Trd, 259005.283, 103
Trd, 259005.767, 108
Trd, 259006.433, 103
Trd, 259006.917, 94
Trd, 259007.967, 102
Trd, 259008.600, 117
Trd, 259009.283, 117
Trd, 259009.400, 120
Trd, 259009.950, 106
Trd, 259010.683, 96
Trd, 259010.817, 103
Trd, 259012.400, 116
Trd, 259013.233, 108
Trd, 259013.750, 108
Trd, 259014.050, 108
Trd, 259014.283, 107
Trd, 259014.700, 109
Trd, 259015.383, 100
Trd, 259015.733, 118
Trd, 259016.700, 109
Trd, 259016.767, 110
Trd, 259017.500, 131
Trd, 259017.900, 112
Trd, 259018.150, 99
Trd, 259019.017, 112
Trd, 259019.100, 110
Trd, 259019.600, 105
Trd, 259020.750, 108
Trd, 259021.400, 109
Trd, 259021.800, 102
Trd, 259022.433, 111
Trd, 259022.850, 98
Trd, 259022.883, 106
Trd, 259022.983, 94
Trd, 259023.250, 89
Trd, 259024.783, 118
Trd, 259025.800, 113
Trd, 259026.200, 110
Trd, 259026.500, 109
Trd, 259026.983, 98
Trd, 259027.333, 109
Trd, 259027.750, 120
Trd, 259028.050, 95
Trd, 259029.450, 116
Trd, 259029.483, 117
Trd, 259029.767, 104
Trd, 259030.050, 98
Trd, 259030.400, 92
Trd, 259031.717, 87
Trd, 259031.750, 83
Trd, 259032.283, 109
Trd, 259033.317, 112
Trd, 259035.100, 105
Trd, 259035.467, 103
Trd, 259035.667, 107
Trd, 259036.550, 110
Trd, 259036.817, 102
Trd, 259037.533, 112
Trd, 259038.883, 108
Trd, 259039.517, 107
Trd, 259039.600, 100
Trd, 259040.467, 99
Trd, 259040.750, 99
Trd, 259040.900, 100
Trd, 259041.750, 106
Trd, 259042.450, 106
Trd, 259043.267, 100
Trd, 259043.917, 100
Trd, 259044.067, 96
Trd, 259044.983, 102
Trd, 259045.433, 90
Trd, 259045.983, 105
Trd, 259046.317, 106
Trd, 259046.383, 107
Trd, 259046.417, 109
Trd, 259046.750, 113
Trd, 259046.933, 89
Trd, 259047.567, 116
Trd, 259048.533, 117
Trd, 259048.733, 116
Trd, 259049.417, 112
Trd, 259049.933, 119
Trd, 259049.967, 104
Trd, 259050.150, 98
Trd, 259050.800, 97
Trd, 259053.433, 96
Trd, 259053.683, 117
Trd, 259054.017, 98
Trd, 259054.367, 83
Trd, 259055.133, 100
Trd, 259055.917, 91
Trd, 259055.950, 107
Trd, 259056.150, 107
Trd, 259056.300, 108
Trd, 259056.317, 112
Trd, 259057.917, 108
Trd, 259059.350, 104
Trd, 259059.517, 107
Trd, 259059.700, 100
Trd, 259060.833, 106
Trd, 259061.183, 98
Trd, 259061.533, 108
Trd, 259062.750, 96
Trd, 259063.117, 91
Trd, 259063.200, 109
Trd, 259063.333, 109
Trd, 259064.100, 113
Trd, 259065.483, 119
Trd, 259066.750, 112
Trd, 259068.050, 105
Trd, 259068.083, 114
Trd, 259068.533, 103
Trd, 259068.583, 101
Trd, 259068.717, 115
Trd, 259069.333, 107
Trd, 259070.283, 107
Trd, 259070.950, 119
Trd, 259071.050, 108
Trd, 259072.300, 98
Trd, 259073.783, 98
Trd, 259074.750, 117
Trd, 259074.850, 128
Trd, 259076.017, 122
Trd, 259076.700, 107
Trd, 259078.183, 116
Trd, 259078.633, 100
Trd, 259078.833, 116
Trd, 259079.350, 131
Trd, 259079.933, 102
Trd, 259080.000, 125
Trd, 259080.417, 100
Trd, 259080.550, 98
Trd, 259081.250, 96
Trd, 259082.200, 95
Trd, 259082.283, 104
Trd, 259082.817, 93
Trd, 259083.567, 89
Trd, 259084.033, 115
Trd, 259085.233, 98
Trd, 259085.867, 109
Trd, 259086.217, 111
Trd, 259086.550, 110
Trd, 259087.717, 110
Trd, 259088.783, 95
Trd, 259089.700, 95
Trd, 259090.000, 109
Trd, 259090.483, 109
Trd, 259090.550, 95
Trd, 259090.733, 97
Trd, 259091.400, 95
Trd, 259091.583, 95
Trd, 259093.067, 105
Trd, 259093.467, 105
Trd, 259094.083, 101
Trd, 259094.550, 109
Trd, 259094.717, 111
Trd, 259096.183, 120
Trd, 259096.717, 113
Trd, 259096.850, 112
Trd, 259097.133, 98
Trd, 259097.650, 107
Trd, 259097.800, 103
Trd, 259098.200, 113
Trd, 259099.033, 94
Trd, 259099.133, 104
Trd, 259099.733, 115
Trd, 259099.967, 115
Trd, 259100.017, 98
Trd, 259100.650, 102
Trd, 259100.883, 117
Trd, 259101.000, 101
Trd, 259101.167, 123
Trd, 259102.483, 112
Trd, 259102.633, 102
Trd, 259103.000, 106
Trd, 259103.167, 114
Trd, 259104.100, 97
Trd, 259105.383, 99
Trd, 259105.633, 113
Trd, 259106.283, 109
Trd, 259106.533, 117
Trd, 259107.833, 105
Trd, 259108.233, 98
Trd, 259109.400, 96
Trd, 259110.017, 109
Trd, 259110.450, 104
Trd, 259110.467, 99
Trd, 259110.500, 110
Trd, 259111.017, 104
Trd, 259111.167, 109
Trd, 259111.917, 112
Trd, 259112.300, 105
Trd, 259112.617, 103
Trd, 259113.800, 112
Trd, 259114.033, 115
Trd, 259114.733, 104
Trd, 259115.667, 100
Trd, 259115.817, 100
Trd, 259116.250, 115
Trd, 259117.117, 100
Trd, 259117.350, 109
Trd, 259117.633, 120
Trd, 259118.133, 98
Trd, 259118.933, 115
Trd, 259119.117, 108
Trd, 259119.533, 119
Trd, 259121.567, 106
Trd, 259122.100, 104
Trd, 259122.217, 106
Trd, 259122.250, 109
Trd, 259123.300, 100
Trd, 259123.350, 98
Trd, 259123.717, 114
Trd, 259124.483, 108
Trd, 259125.633, 96
Trd, 259125.700, 98
Trd, 259126.033, 107
Trd, 259126.667, 97
Trd, 259127.183, 112
Trd, 259127.333, 111
Trd, 259127.600, 104
Trd, 259128.467, 105
Trd, 259128.933, 106
Trd, 259129.717, 104
Trd, 259129.750, 108
Trd, 259129.783, 95
Trd, 259129.850, 119
Trd, 259130.367, 91
Trd, 259130.883, 120
Trd, 259131.833, 125
Trd, 259132.417, 117
Trd, 259133.083, 98
Trd, 259133.567, 100
Trd, 259133.683, 90
Trd, 259134.333, 110
Trd, 259134.467, 104
Trd, 259134.917, 100
Trd, 259135.533, 131
Trd, 259136.817, 121
Trd, 259137.650, 112
Trd, 259137.733, 107
Trd, 259138.483, 106
Trd, 259138.833, 100
Trd, 259139.150, 106
Trd, 259139.900, 98
Trd, 259139.933, 103
Trd, 259141.067, 107
Trd, 259141.450, 106
Trd, 259141.650, 108
Trd, 259142.000, 105
Trd, 259143.333, 106
Trd, 259144.333, 123
Trd, 259144.483, 112
Trd, 259145.433, 120
Trd, 259145.717, 112
Trd, 259146.333, 109
Trd, 259146.550, 104
Trd, 259146.817, 97
Trd, 259146.867, 112
Trd, 259147.367, 96
Trd, 259147.433, 98
Trd, 259147.583, 118
Trd, 259148.283, 122
Trd, 259149.100, 106
Trd, 259149.150, 117
Trd, 259149.667, 129
Trd, 259149.983, 112
Trd, 259150.783, 100
Trd, 259151.650, 108
Trd, 259153.633, 93
Trd, 259153.750, 119
Trd, 259155.067, 97
Trd, 259155.183, 98
Trd, 259155.367, 96
Trd, 259155.583, 107
Trd, 259156.433, 106
Trd, 259156.583, 109
Trd, 259156.633, 112
Trd, 259157.050, 106
Trd, 259158.017, 95
Trd, 259158.133, 93
Trd, 259158.517, 90
Trd, 259158.567, 111
Trd, 259159.833, 96
Trd, 259160.433, 100
Trd, 259160.667, 100
Trd, 259161.483, 92
Trd, 259162.817, 96
Trd, 259163.217, 109
Trd, 259163.383, 109
Trd, 259163.617, 95
Trd, 259164.217, 118
Trd, 259164.467, 124
Trd, 259165.500, 94
Trd, 259165.833, 100
Trd, 259166.550, 95
Trd, 259166.933, 94
Trd, 259167.067, 102
Trd, 259168.000, 106
Trd, 259168.300, 113
Trd, 259169.900, 95
Trd, 259169.950, 97
Trd, 259170.367, 113
Trd, 259170.683, 118
Trd, 259171.750, 117
Trd, 259172.383, 107
Trd, 259172.817, 120
Trd, 259173.067, 99
Trd, 259175.250, 107
Trd, 259175.283, 108
Trd, 259175.350, 111
Trd, 259175.850, 102
Trd, 259175.933, 100
Trd, 259176.167, 118
Trd, 259176.583, 119
Trd, 259177.650, 120
Trd, 259178.067, 125
Trd, 259178.333, 112
Trd, 259178.400, 98
Trd, 259178.467, 90
Trd, 259178.700, 113
Trd, 259181.067, 112
Trd, 259181.333, 112
Trd, 259181.367, 110
Trd, 259181.433, 98
Trd, 259182.167, 114
Trd, 259182.667, 120
Trd, 259183.100, 112
Trd, 259183.917, 104
Trd, 259184.283, 109
Trd, 259185.083, 113
Trd, 259185.833, 92
Trd, 259186.233, 112
Trd, 259186.317, 103
Trd, 259186.650, 92
Trd, 259186.900, 113
Trd, 259187.650, 84
Trd, 259188.767, 114
Trd, 259189.617, 116
Trd, 259190.750, 111
Trd, 259191.117, 117
Trd, 259191.400, 102
Trd, 259193.583, 106
Trd, 259193.783, 109
Trd, 259194.567, 125
Trd, 259194.783, 123
Trd, 259195.150, 111
Trd, 259195.400, 91
Trd, 259196.250, 91
Trd, 259197.217, 103
Trd, 259198.233, 103
Trd, 259198.617, 106
Trd, 259198.900, 102
Trd, 259199.350, 98
Trd, 259199.750, 111
Trd, 259199.917, 131
