Trd, 258516.650, 106
Trd, 258516.683, 108
Trd, 258516.700, 105
Trd, 258516.733, 109
Trd, 258517.433, 102
Trd, 258518.200, 104
Trd, 258518.333, 104
Trd, 258519.200, 101
Trd, 258519.600, 99
Trd, 258519.850, 98
Trd, 258519.900, 99
Trd, 258520.167, 98
Trd, 258520.433, 100
Trd, 258520.917, 98
Trd, 258521.117, 99
Trd, 258521.233, 101
Trd, 258522.033, 102
Trd, 258522.217, 104
Trd, 258522.867, 112
Trd, 258523.583, 109
Trd, 258523.667, 108
Trd, 258523.767, 107
Trd, 258524.233, 109
Trd, 258524.450, 109
Trd, 258525.033, 106
Trd, 258525.133, 104
Trd, 258526.150, 109
Trd, 258526.517, 110
Trd, 258526.633, 104
Trd, 258528.167, 107
Trd, 258528.767, 109
Trd, 258528.900, 109
Trd, 258529.150, 110
Trd, 258529.467, 111
Trd, 258529.817, 109
Trd, 258530.667, 111
Trd, 258531.817, 108
Trd, 258531.900, 107
Trd, 258532.000, 107
Trd, 258532.167, 106
Trd, 258532.400, 103
Trd, 258532.683, 102
Trd, 258533.133, 101
Trd, 258533.500, 102
Trd, 258533.533, 100
Trd, 258534.217, 101
Trd, 258534.683, 101
Trd, 258535.000, 102
Trd, 258535.167, 101
Trd, 258535.433, 100
Trd, 258536.033, 98
Trd, 258536.150, 98
Trd, 258536.200, 100
Trd, 258536.333, 112
Trd, 258536.650, 95
Trd, 258537.650, 96
Trd, 258537.733, 99
Trd, 258537.983, 97
Trd, 258538.583, 96
Trd, 258538.700, 97
Trd, 258538.983, 112
Trd, 258539.300, 106
Trd, 258540.550, 108
Trd, 258540.767, 106
Trd, 258541.000, 106
Trd, 258541.150, 105
Trd, 258542.150, 104
Trd, 258542.317, 101
Trd, 258542.483, 102
Trd, 258543.183, 100
Trd, 258543.200, 102
Trd, 258543.367, 111
Trd, 258543.467, 112
Trd, 258543.600, 99
Trd, 258543.967, 112
Trd, 258544.433, 100
Trd, 258544.483, 99
Trd, 258545.767, 102
Trd, 258546.133, 104
Trd, 258546.717, 104
Trd, 258546.850, 104
Trd, 258547.067, 103
Trd, 258547.450, 103
Trd, 258547.700, 102
Trd, 258547.950, 102
Trd, 258547.967, 101
Trd, 258548.750, 100
Trd, 258549.217, 99
Trd, 258549.450, 99
Trd, 258549.633, 98
Trd, 258549.717, 99
Trd, 258550.133, 100
Trd, 258550.283, 99
Trd, 258550.350, 99
Trd, 258551.017, 99
Trd, 258551.317, 99
Trd, 258551.517, 100
Trd, 258552.033, 101
Trd, 258552.083, 100
Trd, 258552.100, 98
Trd, 258552.200, 112
Trd, 258552.283, 115
Trd, 258553.117, 100
Trd, 258554.550, 104
Trd, 258554.567, 105
Trd, 258554.850, 96
Trd, 258555.800, 101
Trd, 258555.917, 102
Trd, 258555.933, 99
Trd, 258556.100, 98
Trd, 258556.967, 96
Trd, 258557.267, 96
Trd, 258557.400, 97
Trd, 258557.683, 96
Trd, 258558.300, 95
Trd, 258559.017, 104
Trd, 258560.867, 96
Trd, 258561.167, 97
Trd, 258561.250, 97
Trd, 258561.317, 98
Trd, 258561.433, 98
Trd, 258561.933, 99
Trd, 258562.033, 109
Trd, 258562.283, 99
Trd, 258562.317, 98
Trd, 258562.583, 113
Trd, 258563.117, 104
Trd, 258563.167, 112
Trd, 258563.367, 111
Trd, 258563.700, 104
Trd, 258564.367, 106
Trd, 258565.267, 102
Trd, 258565.600, 101
Trd, 258565.783, 100
Trd, 258565.883, 99
Trd, 258565.983, 97
Trd, 258566.133, 99
Trd, 258566.883, 95
Trd, 258567.017, 98
Trd, 258567.433, 96
Trd, 258568.967, 98
Trd, 258569.183, 97
Trd, 258569.467, 107
Trd, 258569.500, 98
Trd, 258570.233, 100
Trd, 258570.633, 101
Trd, 258570.767, 100
Trd, 258571.050, 100
Trd, 258571.100, 101
Trd, 258571.833, 104
Trd, 258572.033, 105
Trd, 258572.067, 106
Trd, 258572.217, 102
Trd, 258572.900, 111
Trd, 258573.400, 111
Trd, 258573.850, 111
Trd, 258574.050, 110
Trd, 258574.150, 108
Trd, 258574.400, 110
Trd, 258575.550, 110
Trd, 258576.350, 103
Trd, 258576.367, 105
Trd, 258576.483, 102
Trd, 258577.200, 99
Trd, 258577.783, 101
Trd, 258577.800, 101
Trd, 258578.383, 100
Trd, 258578.783, 101
Trd, 258579.233, 101
Trd, 258579.350, 100
Trd, 258579.983, 98
Trd, 258580.000, 99
Trd, 258580.033, 103
Trd, 258580.100, 95
Trd, 258580.567, 105
Trd, 258580.767, 93
Trd, 258580.867, 108
Trd, 258582.317, 105
Trd, 258582.533, 104
Trd, 258582.950, 104
Trd, 258583.300, 104
Trd, 258585.067, 103
Trd, 258585.267, 103
Trd, 258585.283, 100
Trd, 258585.333, 99
Trd, 258585.383, 104
Trd, 258586.433, 104
Trd, 258587.083, 103
Trd, 258587.367, 103
Trd, 258587.500, 103
Trd, 258587.517, 104
Trd, 258587.867, 104
Trd, 258588.050, 104
Trd, 258588.133, 105
Trd, 258588.217, 103
Trd, 258588.433, 101
Trd, 258588.483, 98
Trd, 258589.467, 101
Trd, 258589.533, 95
Trd, 258590.150, 105
Trd, 258590.867, 106
Trd, 258591.233, 107
Trd, 258591.500, 111
Trd, 258591.867, 107
Trd, 258592.500, 107
Trd, 258593.200, 107
Trd, 258593.317, 105
Trd, 258593.467, 104
Trd, 258593.617, 102
Trd, 258593.683, 104
Trd, 258593.817, 97
Trd, 258594.533, 105
Trd, 258595.533, 107
Trd, 258595.917, 106
Trd, 258596.050, 99
Trd, 258596.617, 102
Trd, 258597.150, 101
Trd, 258597.450, 102
Trd, 258597.700, 100
Trd, 258597.933, 99
Trd, 258598.233, 101
Trd, 258598.783, 101
Trd, 258599.083, 102
Trd, 258599.117, 97
Trd, 258599.267, 89
Trd, 258599.417, 87
Trd, 258600.850, 96
Trd, 258601.033, 96
Trd, 258601.117, 96
Trd, 258601.233, 96
Trd, 258601.267, 97
Trd, 258601.533, 98
Trd, 258601.650, 93
Trd, 258602.500, 96
Trd, 258602.950, 97
Trd, 258603.217, 96
Trd, 258603.517, 95
Trd, 258604.500, 92
Trd, 258604.750, 87
Trd, 258605.050, 96
Trd, 258605.117, 97
Trd, 258605.983, 97
Trd, 258606.067, 98
Trd, 258606.717, 93
Trd, 258607.300, 109
Trd, 258607.683, 110
Trd, 258608.083, 112
Trd, 258608.700, 109
Trd, 258609.150, 109
Trd, 258609.233, 108
Trd, 258609.700, 108
Trd, 258609.883, 107
Trd, 258609.900, 109
Trd, 258609.967, 115
Trd, 258610.183, 106
Trd, 258610.717, 110
Trd, 258610.817, 106
Trd, 258611.633, 106
Trd, 258611.800, 105
Trd, 258612.050, 104
Trd, 258612.083, 105
Trd, 258612.417, 105
Trd, 258612.450, 100
Trd, 258613.200, 101
Trd, 258613.250, 102
Trd, 258613.667, 99
Trd, 258614.033, 101
Trd, 258614.500, 101
Trd, 258614.750, 99
Trd, 258614.867, 100
Trd, 258615.367, 101
Trd, 258615.500, 101
Trd, 258615.817, 102
Trd, 258616.133, 103
Trd, 258616.200, 109
Trd, 258616.517, 111
Trd, 258617.350, 104
Trd, 258617.817, 103
Trd, 258618.217, 106
Trd, 258618.533, 101
Trd, 258618.800, 100
Trd, 258618.933, 105
Trd, 258618.950, 106
Trd, 258619.100, 90
Trd, 258619.283, 87
Trd, 258620.700, 105
Trd, 258621.033, 105
Trd, 258621.383, 104
Trd, 258621.600, 102
Trd, 258621.683, 102
Trd, 258621.900, 103
Trd, 258622.650, 107
Trd, 258623.450, 111
Trd, 258623.517, 110
Trd, 258623.617, 112
Trd, 258623.750, 112
Trd, 258623.783, 107
Trd, 258624.900, 113
Trd, 258625.250, 108
Trd, 258625.617, 108
Trd, 258626.483, 108
Trd, 258626.767, 107
Trd, 258626.883, 108
Trd, 258626.967, 106
Trd, 258627.000, 108
Trd, 258627.367, 107
Trd, 258627.750, 108
Trd, 258628.150, 105
Trd, 258628.917, 103
Trd, 258629.167, 103
Trd, 258629.517, 102
Trd, 258629.600, 103
Trd, 258629.917, 103
Trd, 258630.033, 102
Trd, 258630.233, 101
Trd, 258630.350, 105
Trd, 258631.500, 101
Trd, 258631.850, 100
Trd, 258632.100, 101
Trd, 258632.383, 102
Trd, 258632.533, 101
Trd, 258632.817, 97
Trd, 258633.367, 96
Trd, 258633.900, 111
Trd, 258634.167, 102
Trd, 258634.967, 111
Trd, 258635.217, 107
Trd, 258636.033, 107
Trd, 258636.133, 106
Trd, 258636.233, 107
Trd, 258637.500, 106
Trd, 258637.900, 105
Trd, 258638.133, 113
Trd, 258638.350, 114
Trd, 258639.567, 108
Trd, 258639.650, 108
Trd, 258639.983, 109
Trd, 258641.150, 108
Trd, 258641.317, 107
Trd, 258641.517, 108
Trd, 258641.750, 103
Trd, 258641.850, 106
Trd, 258643.100, 110
Trd, 258643.600, 104
Trd, 258644.233, 102
Trd, 258644.883, 102
Trd, 258644.950, 102
Trd, 258645.567, 102
Trd, 258645.683, 100
Trd, 258645.850, 98
Trd, 258645.950, 99
Trd, 258646.233, 100
Trd, 258646.483, 100
Trd, 258647.117, 102
Trd, 258647.417, 102
Trd, 258647.433, 97
Trd, 258647.983, 101
Trd, 258648.367, 95
Trd, 258648.417, 90
Trd, 258648.800, 102
Trd, 258649.383, 97
Trd, 258650.050, 98
Trd, 258650.117, 99
Trd, 258650.283, 101
Trd, 258650.633, 100
Trd, 258650.917, 99
Trd, 258651.317, 99
Trd, 258652.000, 101
Trd, 258652.150, 100
Trd, 258652.183, 97
Trd, 258652.267, 97
Trd, 258652.300, 95
Trd, 258652.550, 100
Trd, 258652.750, 100
Trd, 258653.400, 99
Trd, 258654.517, 99
Trd, 258654.733, 99
Trd, 258655.550, 98
Trd, 258655.833, 91
Trd, 258656.117, 100
Trd, 258656.667, 96
Trd, 258656.817, 96
Trd, 258657.133, 95
Trd, 258657.350, 95
Trd, 258657.483, 90
Trd, 258657.567, 96
Trd, 258657.667, 101
Trd, 258657.717, 112
Trd, 258657.867, 112
Trd, 258658.033, 91
Trd, 258658.533, 92
Trd, 258659.333, 94
Trd, 258659.450, 93
Trd, 258660.033, 94
Trd, 258660.183, 95
Trd, 258660.917, 94
Trd, 258661.533, 94
Trd, 258661.900, 94
Trd, 258661.917, 95
Trd, 258662.567, 95
Trd, 258662.950, 96
Trd, 258663.533, 98
Trd, 258663.717, 101
Trd, 258664.200, 102
Trd, 258664.483, 109
Trd, 258665.333, 105
Trd, 258665.350, 106
Trd, 258665.500, 105
Trd, 258666.417, 106
Trd, 258666.667, 105
Trd, 258666.817, 105
Trd, 258667.233, 106
Trd, 258667.450, 104
Trd, 258667.467, 101
Trd, 258668.350, 103
Trd, 258668.433, 104
Trd, 258668.500, 105
Trd, 258669.583, 110
Trd, 258670.633, 106
Trd, 258670.933, 104
Trd, 258671.367, 103
Trd, 258671.750, 99
Trd, 258672.000, 101
Trd, 258672.250, 98
Trd, 258672.867, 96
Trd, 258672.883, 99
Trd, 258672.900, 100
Trd, 258673.767, 98
Trd, 258673.817, 101
Trd, 258673.850, 97
Trd, 258675.267, 103
Trd, 258675.517, 104
Trd, 258675.667, 104
Trd, 258675.983, 105
Trd, 258676.350, 111
Trd, 258677.217, 104
Trd, 258678.183, 108
Trd, 258678.533, 108
Trd, 258678.583, 106
Trd, 258678.750, 106
Trd, 258678.817, 108
Trd, 258679.083, 109
Trd, 258679.117, 106
Trd, 258679.800, 107
Trd, 258680.067, 109
Trd, 258680.233, 107
Trd, 258680.617, 107
Trd, 258681.133, 106
Trd, 258681.233, 104
Trd, 258681.333, 107
Trd, 258681.800, 101
Trd, 258681.917, 107
Trd, 258683.067, 101
Trd, 258683.100, 100
Trd, 258683.267, 102
Trd, 258683.750, 101
Trd, 258684.067, 99
Trd, 258684.733, 97
Trd, 258684.817, 98
Trd, 258684.883, 100
Trd, 258685.333, 95
Trd, 258686.350, 103
Trd, 258687.133, 98
Trd, 258687.417, 88
Trd, 258688.350, 91
Trd, 258688.500, 90
Trd, 258688.633, 90
Trd, 258688.650, 91
Trd, 258689.017, 98
Trd, 258690.000, 96
Trd, 258690.017, 97
Trd, 258690.367, 106
Trd, 258690.800, 106
Trd, 258691.050, 106
Trd, 258692.017, 102
Trd, 258692.267, 102
Trd, 258692.600, 99
Trd, 258692.950, 101
Trd, 258693.033, 101
Trd, 258693.150, 101
Trd, 258693.300, 100
Trd, 258693.333, 101
Trd, 258693.850, 100
Trd, 258694.083, 101
Trd, 258694.150, 97
Trd, 258694.283, 97
Trd, 258694.383, 101
Trd, 258694.733, 97
Trd, 258695.183, 109
Trd, 258695.283, 111
Trd, 258695.733, 101
Trd, 258696.117, 101
Trd, 258696.433, 105
Trd, 258696.950, 104
Trd, 258697.750, 102
Trd, 258698.217, 102
Trd, 258698.467, 101
Trd, 258698.800, 100
Trd, 258699.600, 101
Trd, 258700.200, 101
Trd, 258700.300, 101
Trd, 258700.317, 102
Trd, 258700.717, 100
Trd, 258700.917, 109
Trd, 258702.533, 100
Trd, 258702.817, 99
Trd, 258703.067, 98
Trd, 258703.100, 95
Trd, 258703.433, 95
Trd, 258703.617, 97
Trd, 258704.283, 96
Trd, 258704.333, 98
Trd, 258705.267, 108
Trd, 258705.317, 104
Trd, 258705.583, 106
Trd, 258705.683, 106
Trd, 258705.767, 105
Trd, 258706.367, 107
Trd, 258707.167, 104
Trd, 258707.300, 104
Trd, 258707.600, 98
Trd, 258708.000, 100
Trd, 258708.233, 100
Trd, 258708.333, 101
Trd, 258708.450, 102
Trd, 258709.083, 109
Trd, 258709.533, 102
Trd, 258709.600, 110
Trd, 258710.550, 104
Trd, 258710.967, 103
Trd, 258711.250, 107
Trd, 258712.000, 101
Trd, 258712.250, 98
Trd, 258712.617, 104
Trd, 258712.850, 103
Trd, 258713.067, 104
Trd, 258713.817, 102
Trd, 258713.833, 104
Trd, 258713.917, 101
Trd, 258714.417, 99
Trd, 258714.933, 99
Trd, 258716.217, 97
Trd, 258716.317, 101
Trd, 258717.050, 103
Trd, 258717.317, 102
Trd, 258717.417, 106
Trd, 258717.450, 103
Trd, 258717.950, 102
Trd, 258718.217, 100
Trd, 258719.283, 111
Trd, 258719.300, 98
Trd, 258720.117, 94
Trd, 258720.450, 94
Trd, 258720.700, 101
Trd, 258720.933, 94
Trd, 258721.033, 93
Trd, 258721.650, 90
Trd, 258721.850, 91
Trd, 258722.083, 93
Trd, 258722.417, 92
Trd, 258722.450, 93
Trd, 258722.483, 91
Trd, 258722.883, 94
Trd, 258723.067, 94
Trd, 258723.733, 92
Trd, 258724.167, 93
Trd, 258724.467, 97
Trd, 258724.550, 93
Trd, 258726.083, 94
Trd, 258726.250, 98
Trd, 258726.333, 98
Trd, 258726.350, 101
Trd, 258726.767, 97
Trd, 258726.983, 109
Trd, 258727.517, 111
Trd, 258727.617, 112
Trd, 258728.517, 103
Trd, 258728.533, 112
Trd, 258728.617, 102
Trd, 258730.050, 105
Trd, 258730.150, 105
Trd, 258730.167, 100
Trd, 258730.517, 100
Trd, 258731.183, 96
Trd, 258731.200, 98
Trd, 258731.883, 95
Trd, 258732.117, 92
Trd, 258732.500, 97
Trd, 258732.700, 97
Trd, 258732.900, 98
Trd, 258732.967, 98
Trd, 258733.633, 101
Trd, 258733.867, 101
Trd, 258734.000, 102
Trd, 258735.400, 103
Trd, 258735.567, 104
Trd, 258735.817, 104
Trd, 258735.867, 103
Trd, 258736.933, 102
Trd, 258737.117, 102
Trd, 258737.483, 102
Trd, 258737.583, 101
Trd, 258737.633, 97
Trd, 258737.900, 95
Trd, 258738.300, 94
Trd, 258738.800, 97
Trd, 258739.033, 96
Trd, 258739.150, 97
Trd, 258739.950, 95
Trd, 258740.250, 97
Trd, 258741.567, 109
Trd, 258741.650, 111
Trd, 258742.217, 103
Trd, 258742.250, 102
Trd, 258742.283, 109
Trd, 258743.133, 102
Trd, 258743.383, 103
Trd, 258743.483, 102
Trd, 258743.783, 101
Trd, 258744.317, 102
Trd, 258744.883, 100
Trd, 258744.933, 99
Trd, 258745.050, 98
Trd, 258745.350, 101
Trd, 258745.650, 95
Trd, 258745.750, 101
Trd, 258745.833, 93
Trd, 258746.600, 93
Trd, 258746.850, 107
Trd, 258747.083, 98
Trd, 258747.333, 111
Trd, 258747.950, 103
Trd, 258748.000, 108
Trd, 258748.583, 104
Trd, 258748.850, 108
Trd, 258749.133, 105
Trd, 258749.633, 102
Trd, 258749.767, 103
Trd, 258749.950, 103
Trd, 258750.633, 103
Trd, 258751.233, 102
Trd, 258751.567, 103
Trd, 258752.033, 106
Trd, 258752.717, 109
Trd, 258752.750, 108
Trd, 258753.083, 111
Trd, 258753.550, 108
Trd, 258753.833, 105
Trd, 258753.850, 109
Trd, 258753.867, 104
Trd, 258754.033, 110
Trd, 258754.283, 105
Trd, 258754.700, 111
Trd, 258755.083, 104
Trd, 258755.433, 111
Trd, 258756.083, 104
Trd, 258756.467, 104
Trd, 258756.933, 104
Trd, 258756.967, 103
Trd, 258757.633, 99
Trd, 258757.817, 102
Trd, 258757.950, 103
Trd, 258758.183, 100
Trd, 258759.067, 103
Trd, 258759.283, 105
Trd, 258761.017, 99
Trd, 258761.400, 99
Trd, 258761.550, 99
Trd, 258761.833, 100
Trd, 258761.917, 100
Trd, 258761.950, 101
Trd, 258762.033, 99
Trd, 258762.150, 98
Trd, 258762.783, 95
Trd, 258763.017, 99
Trd, 258763.233, 100
Trd, 258763.283, 101
Trd, 258763.350, 94
Trd, 258763.850, 96
Trd, 258764.117, 94
Trd, 258765.067, 94
Trd, 258765.183, 90
Trd, 258765.267, 95
Trd, 258765.633, 92
Trd, 258765.967, 91
Trd, 258766.117, 93
Trd, 258766.667, 94
Trd, 258767.350, 94
Trd, 258768.100, 95
Trd, 258769.133, 96
Trd, 258769.350, 97
Trd, 258769.533, 95
Trd, 258769.950, 95
Trd, 258770.467, 97
Trd, 258770.517, 96
Trd, 258770.633, 98
Trd, 258771.000, 97
Trd, 258771.433, 100
Trd, 258771.833, 100
Trd, 258771.950, 101
Trd, 258772.133, 112
Trd, 258772.500, 99
Trd, 258773.233, 98
Trd, 258773.917, 108
Trd, 258774.567, 103
Trd, 258774.717, 102
Trd, 258775.167, 103
Trd, 258775.383, 107
Trd, 258776.883, 110
Trd, 258777.167, 110
Trd, 258777.667, 110
Trd, 258777.967, 112
Trd, 258778.217, 112
Trd, 258778.267, 111
Trd, 258778.400, 113
Trd, 258779.033, 109
Trd, 258779.067, 106
Trd, 258779.767, 104
Trd, 258780.067, 99
Trd, 258780.333, 104
Trd, 258780.367, 99
Trd, 258780.433, 105
Trd, 258780.500, 98
Trd, 258781.350, 97
Trd, 258781.400, 97
Trd, 258781.633, 98
Trd, 258782.383, 95
Trd, 258782.800, 97
Trd, 258783.000, 97
Trd, 258783.167, 98
Trd, 258783.367, 111
Trd, 258783.783, 103
Trd, 258784.300, 110
Trd, 258784.767, 110
Trd, 258784.817, 103
Trd, 258785.300, 104
Trd, 258786.067, 100
Trd, 258786.233, 97
Trd, 258786.500, 97
Trd, 258787.017, 99
Trd, 258787.183, 100
Trd, 258787.617, 100
Trd, 258787.800, 95
Trd, 258787.983, 101
Trd, 258788.583, 103
Trd, 258788.683, 103
Trd, 258788.933, 102
Trd, 258789.500, 103
Trd, 258789.733, 102
Trd, 258790.100, 96
Trd, 258790.150, 89
Trd, 258790.850, 88
Trd, 258791.000, 98
Trd, 258791.583, 99
Trd, 258791.717, 100
Trd, 258792.117, 102
Trd, 258792.367, 98
Trd, 258793.150, 102
Trd, 258793.183, 103
Trd, 258794.017, 107
Trd, 258795.267, 105
Trd, 258795.583, 105
Trd, 258795.850, 105
Trd, 258795.883, 104
Trd, 258796.083, 107
Trd, 258797.217, 110
Trd, 258797.733, 109
Trd, 258797.950, 110
Trd, 258798.167, 109
Trd, 258798.267, 109
Trd, 258798.967, 111
Trd, 258799.333, 109
Trd, 258800.150, 109
Trd, 258800.233, 112
Trd, 258800.300, 114
Trd, 258800.667, 110
Trd, 258801.217, 108
Trd, 258801.350, 120
Trd, 258801.433, 121
Trd, 258802.000, 104
Trd, 258804.417, 108
Trd, 258804.600, 108
Trd, 258804.783, 107
Trd, 258804.983, 106
Trd, 258805.450, 105
Trd, 258805.583, 109
Trd, 258805.933, 105
Trd, 258806.917, 106
Trd, 258807.000, 110
Trd, 258807.217, 105
Trd, 258807.467, 104
Trd, 258807.633, 106
Trd, 258807.767, 102
Trd, 258808.350, 98
Trd, 258808.617, 104
Trd, 258809.017, 100
Trd, 258809.167, 103
Trd, 258809.367, 104
Trd, 258809.800, 101
Trd, 258809.950, 99
Trd, 258810.317, 101
Trd, 258810.767, 109
Trd, 258810.867, 98
Trd, 258811.117, 96
Trd, 258811.517, 102
Trd, 258811.800, 101
Trd, 258812.433, 102
Trd, 258812.667, 103
Trd, 258813.250, 103
Trd, 258813.483, 103
Trd, 258814.100, 105
Trd, 258815.150, 109
Trd, 258815.750, 106
Trd, 258816.150, 105
Trd, 258816.183, 103
Trd, 258816.217, 100
Trd, 258816.433, 98
Trd, 258816.550, 98
Trd, 258816.950, 103
Trd, 258817.533, 103
Trd, 258817.667, 101
Trd, 258817.750, 99
Trd, 258818.350, 102
Trd, 258818.367, 101
Trd, 258818.767, 98
Trd, 258819.300, 93
Trd, 258819.517, 100
Trd, 258819.700, 94
Trd, 258821.050, 99
Trd, 258821.067, 97
Trd, 258821.350, 101
Trd, 258821.900, 99
Trd, 258822.100, 101
Trd, 258822.767, 99
Trd, 258823.233, 109
Trd, 258823.983, 108
Trd, 258824.017, 107
Trd, 258824.517, 104
Trd, 258825.067, 103
Trd, 258825.100, 98
Trd, 258825.150, 106
Trd, 258825.850, 105
Trd, 258825.917, 105
Trd, 258826.450, 103
Trd, 258826.667, 106
Trd, 258827.033, 103
Trd, 258827.667, 103
Trd, 258827.933, 102
Trd, 258828.450, 101
Trd, 258828.667, 100
Trd, 258828.933, 101
Trd, 258829.283, 99
Trd, 258829.317, 90
Trd, 258829.717, 103
Trd, 258830.650, 100
Trd, 258830.683, 101
Trd, 258831.633, 101
Trd, 258831.833, 101
Trd, 258832.133, 102
Trd, 258832.217, 109
Trd, 258832.417, 110
Trd, 258833.150, 101
Trd, 258833.183, 101
Trd, 258833.483, 101
Trd, 258833.800, 101
Trd, 258834.133, 104
Trd, 258834.767, 104
Trd, 258835.550, 106
Trd, 258835.767, 105
Trd, 258835.783, 103
Trd, 258835.867, 101
Trd, 258836.217, 100
Trd, 258836.500, 101
Trd, 258836.567, 98
Trd, 258836.867, 98
Trd, 258837.267, 99
Trd, 258837.417, 100
Trd, 258838.617, 93
Trd, 258839.600, 101
Trd, 258839.717, 98
Trd, 258839.783, 100
Trd, 258840.283, 99
Trd, 258840.333, 98
Trd, 258840.417, 96
Trd, 258840.617, 101
Trd, 258841.767, 105
Trd, 258842.367, 105
Trd, 258842.433, 106
Trd, 258842.517, 107
Trd, 258842.650, 106
Trd, 258842.667, 104
Trd, 258843.000, 109
Trd, 258843.433, 104
Trd, 258843.933, 102
Trd, 258844.683, 104
Trd, 258845.800, 106
Trd, 258846.183, 108
Trd, 258846.567, 104
Trd, 258847.117, 105
Trd, 258847.217, 104
Trd, 258848.133, 102
Trd, 258848.217, 103
Trd, 258848.600, 103
Trd, 258848.817, 103
Trd, 258849.117, 102
Trd, 258849.350, 101
Trd, 258849.533, 101
Trd, 258850.517, 102
Trd, 258850.700, 110
Trd, 258851.067, 112
Trd, 258851.217, 101
Trd, 258851.800, 116
Trd, 258852.633, 100
Trd, 258852.850, 99
Trd, 258853.667, 106
Trd, 258854.250, 100
Trd, 258854.433, 100
Trd, 258854.483, 101
Trd, 258855.017, 99
Trd, 258855.167, 98
Trd, 258855.483, 98
Trd, 258855.800, 98
Trd, 258855.950, 99
Trd, 258856.083, 97
Trd, 258857.000, 110
Trd, 258857.300, 100
Trd, 258857.683, 107
Trd, 258857.967, 98
Trd, 258859.083, 102
Trd, 258859.550, 102
Trd, 258860.050, 103
Trd, 258860.100, 103
Trd, 258860.200, 106
Trd, 258860.667, 105
Trd, 258860.750, 106
Trd, 258860.867, 108
Trd, 258861.217, 108
Trd, 258862.217, 106
Trd, 258862.633, 104
Trd, 258862.767, 103
Trd, 258862.867, 103
Trd, 258863.833, 100
Trd, 258863.933, 107
Trd, 258864.117, 95
Trd, 258864.600, 106
Trd, 258864.650, 97
Trd, 258864.983, 99
Trd, 258865.417, 98
Trd, 258866.033, 104
Trd, 258866.383, 104
Trd, 258866.617, 112
Trd, 258867.150, 111
Trd, 258867.650, 99
Trd, 258867.667, 100
Trd, 258868.383, 98
Trd, 258868.467, 105
Trd, 258869.967, 102
Trd, 258870.100, 101
Trd, 258870.683, 100
Trd, 258870.783, 97
Trd, 258870.800, 101
Trd, 258871.383, 98
Trd, 258871.500, 98
Trd, 258872.183, 96
Trd, 258872.283, 95
Trd, 258872.517, 98
Trd, 258873.017, 110
Trd, 258873.333, 94
Trd, 258873.833, 111
Trd, 258874.117, 109
Trd, 258874.267, 110
Trd, 258874.817, 111
Trd, 258875.633, 112
Trd, 258876.067, 111
Trd, 258876.883, 111
Trd, 258877.567, 109
Trd, 258877.617, 109
Trd, 258878.150, 109
Trd, 258878.300, 111
Trd, 258878.933, 108
Trd, 258879.283, 107
Trd, 258879.650, 107
Trd, 258879.833, 109
Trd, 258879.850, 107
Trd, 258880.217, 106
Trd, 258880.467, 102
Trd, 258881.350, 103
Trd, 258881.683, 101
Trd, 258881.950, 100
Trd, 258882.067, 99
Trd, 258882.100, 100
Trd, 258882.200, 101
Trd, 258883.033, 100
Trd, 258883.883, 101
Trd, 258884.433, 102
Trd, 258884.500, 101
Trd, 258884.767, 104
Trd, 258885.017, 105
Trd, 258885.133, 108
Trd, 258885.600, 109
Trd, 258885.650, 112
Trd, 258885.883, 106
Trd, 258886.267, 119
Trd, 258886.467, 108
Trd, 258886.567, 107
Trd, 258888.100, 110
Trd, 258888.350, 109
Trd, 258888.483, 108
Trd, 258888.933, 108
Trd, 258889.450, 103
Trd, 258889.583, 101
Trd, 258889.683, 109
Trd, 258890.150, 110
Trd, 258890.250, 100
Trd, 258891.017, 103
Trd, 258891.050, 104
Trd, 258891.150, 100
Trd, 258891.633, 104
Trd, 258891.900, 104
Trd, 258892.967, 102
Trd, 258893.100, 102
Trd, 258893.567, 103
Trd, 258893.850, 102
Trd, 258894.133, 102
Trd, 258894.467, 100
Trd, 258894.883, 101
Trd, 258895.667, 100
Trd, 258895.717, 98
Trd, 258895.733, 100
Trd, 258896.117, 97
Trd, 258896.700, 109
Trd, 258896.783, 105
Trd, 258897.250, 108
Trd, 258898.200, 105
Trd, 258898.733, 104
Trd, 258898.867, 102
Trd, 258898.950, 100
Trd, 258899.167, 99
Trd, 258899.317, 105
Trd, 258900.483, 101
Trd, 258900.517, 99
Trd, 258900.667, 101
Trd, 258900.983, 99
Trd, 258901.067, 100
Trd, 258901.233, 102
Trd, 258901.383, 104
Trd, 258901.833, 102
Trd, 258901.950, 109
Trd, 258902.733, 108
Trd, 258903.100, 106
Trd, 258904.050, 106
Trd, 258904.483, 106
Trd, 258904.617, 105
Trd, 258905.117, 104
Trd, 258905.333, 105
Trd, 258905.483, 105
Trd, 258905.550, 104
Trd, 258905.567, 106
Trd, 258906.267, 106
Trd, 258906.467, 112
Trd, 258907.600, 106
Trd, 258907.783, 105
Trd, 258908.000, 104
Trd, 258908.267, 103
Trd, 258908.283, 97
Trd, 258908.367, 95
Trd, 258909.250, 99
Trd, 258909.367, 104
Trd, 258909.567, 104
Trd, 258910.000, 103
Trd, 258910.117, 102
Trd, 258910.283, 103
Trd, 258911.033, 104
Trd, 258911.867, 109
Trd, 258912.383, 110
Trd, 258912.517, 109
Trd, 258913.050, 107
Trd, 258913.217, 104
Trd, 258913.383, 108
Trd, 258914.150, 103
Trd, 258914.217, 102
Trd, 258914.300, 101
Trd, 258914.517, 90
Trd, 258915.000, 100
Trd, 258915.033, 102
Trd, 258915.433, 100
Trd, 258915.583, 97
Trd, 258916.750, 105
Trd, 258916.767, 95
Trd, 258917.067, 105
Trd, 258918.783, 101
Trd, 258918.817, 103
Trd, 258918.950, 100
Trd, 258919.117, 98
Trd, 258919.300, 103
Trd, 258919.750, 100
Trd, 258920.000, 103
Trd, 258920.950, 104
Trd, 258921.067, 104
Trd, 258921.433, 104
Trd, 258921.567, 103
Trd, 258922.050, 103
Trd, 258922.367, 102
Trd, 258922.600, 101
Trd, 258923.067, 100
Trd, 258923.517, 99
Trd, 258923.617, 99
Trd, 258923.717, 97
Trd, 258924.133, 99
Trd, 258924.383, 102
Trd, 258924.533, 97
Trd, 258924.800, 96
Trd, 258925.217, 102
Trd, 258925.417, 111
Trd, 258925.617, 96
Trd, 258926.117, 115
Trd, 258927.000, 101
Trd, 258927.233, 101
Trd, 258927.250, 110
Trd, 258927.633, 100
Trd, 258928.150, 101
Trd, 258928.250, 102
Trd, 258928.383, 105
Trd, 258928.450, 106
Trd, 258929.000, 101
Trd, 258929.983, 102
Trd, 258930.183, 104
Trd, 258930.483, 105
Trd, 258931.317, 108
Trd, 258931.433, 109
Trd, 258932.100, 110
Trd, 258932.333, 109
Trd, 258932.467, 109
Trd, 258933.067, 106
Trd, 258933.400, 104
Trd, 258933.467, 107
Trd, 258933.567, 98
Trd, 258934.083, 105
Trd, 258934.717, 91
Trd, 258934.917, 95
Trd, 258935.183, 91
Trd, 258935.250, 94
Trd, 258935.333, 96
Trd, 258935.383, 102
Trd, 258935.933, 104
Trd, 258936.700, 99
Trd, 258936.850, 101
Trd, 258936.933, 101
Trd, 258937.217, 100
Trd, 258937.317, 102
Trd, 258937.583, 100
Trd, 258938.183, 101
Trd, 258938.300, 102
Trd, 258938.433, 103
Trd, 258938.967, 101
Trd, 258939.500, 101
Trd, 258939.900, 101
Trd, 258940.117, 99
Trd, 258940.450, 103
Trd, 258940.717, 105
Trd, 258941.850, 98
Trd, 258942.617, 99
Trd, 258942.683, 98
Trd, 258942.950, 97
Trd, 258943.100, 99
Trd, 258943.300, 100
Trd, 258943.583, 100
Trd, 258944.300, 98
Trd, 258944.700, 99
Trd, 258944.717, 98
Trd, 258945.200, 101
Trd, 258946.267, 107
Trd, 258946.333, 102
Trd, 258946.350, 100
Trd, 258947.083, 105
Trd, 258947.117, 107
Trd, 258948.083, 103
Trd, 258948.250, 104
Trd, 258948.467, 101
Trd, 258948.583, 103
Trd, 258948.917, 104
Trd, 258949.583, 101
Trd, 258949.917, 104
Trd, 258950.167, 104
Trd, 258950.350, 103
Trd, 258950.367, 104
Trd, 258950.500, 109
Trd, 258951.067, 103
Trd, 258953.233, 107
Trd, 258953.333, 108
Trd, 258953.417, 106
Trd, 258954.050, 101
Trd, 258954.167, 103
Trd, 258954.350, 99
Trd, 258954.583, 104
Trd, 258955.450, 104
Trd, 258955.550, 102
Trd, 258956.033, 97
Trd, 258956.067, 95
Trd, 258956.850, 97
Trd, 258957.100, 98
Trd, 258957.200, 101
Trd, 258957.983, 108
Trd, 258959.467, 109
Trd, 258959.583, 110
Trd, 258959.667, 108
Trd, 258959.700, 107
Trd, 258960.200, 107
Trd, 258960.500, 108
Trd, 258961.500, 106
Trd, 258961.800, 107
Trd, 258962.100, 99
Trd, 258963.217, 103
Trd, 258963.250, 101
Trd, 258963.800, 102
Trd, 258963.917, 101
Trd, 258964.417, 101
Trd, 258964.750, 101
Trd, 258964.883, 102
Trd, 258965.200, 101
Trd, 258965.433, 102
Trd, 258965.800, 102
Trd, 258966.400, 109
Trd, 258966.633, 109
Trd, 258966.933, 107
Trd, 258967.117, 104
Trd, 258968.800, 101
Trd, 258968.850, 106
Trd, 258969.000, 105
Trd, 258969.283, 106
Trd, 258969.333, 105
Trd, 258969.950, 103
Trd, 258970.017, 102
Trd, 258970.617, 100
Trd, 258970.733, 103
Trd, 258970.917, 104
Trd, 258970.933, 102
Trd, 258972.350, 110
Trd, 258972.800, 110
Trd, 258972.967, 105
Trd, 258972.983, 110
Trd, 258973.050, 103
Trd, 258973.450, 103
Trd, 258973.533, 110
Trd, 258974.233, 105
Trd, 258974.367, 110
Trd, 258974.917, 106
Trd, 258975.383, 104
Trd, 258975.883, 104
Trd, 258976.033, 103
Trd, 258976.367, 104
Trd, 258976.550, 103
Trd, 258977.200, 110
Trd, 258977.750, 102
Trd, 258978.750, 104
Trd, 258978.900, 103
Trd, 258979.117, 102
Trd, 258979.200, 101
Trd, 258979.417, 102
Trd, 258979.733, 103
Trd, 258980.183, 102
Trd, 258980.350, 101
Trd, 258980.567, 102
Trd, 258981.017, 100
Trd, 258981.917, 108
Trd, 258982.500, 99
Trd, 258982.767, 96
Trd, 258983.350, 104
Trd, 258983.483, 98
Trd, 258983.533, 104
Trd, 258983.833, 95
Trd, 258983.983, 103
Trd, 258985.283, 97
Trd, 258985.550, 97
Trd, 258986.067, 97
Trd, 258986.217, 101
Trd, 258986.283, 108
Trd, 258987.033, 107
Trd, 258987.133, 107
Trd, 258987.167, 106
Trd, 258987.617, 103
Trd, 258987.700, 105
Trd, 258988.000, 102
Trd, 258988.050, 101
Trd, 258988.317, 101
Trd, 258988.983, 100
Trd, 258989.050, 97
Trd, 258989.517, 99
Trd, 258989.800, 97
Trd, 258990.150, 97
Trd, 258990.317, 102
Trd, 258991.250, 101
Trd, 258991.783, 95
Trd, 258992.167, 94
Trd, 258992.850, 95
Trd, 258993.400, 94
Trd, 258993.767, 95
Trd, 258993.833, 97
Trd, 258994.033, 98
Trd, 258994.600, 97
Trd, 258994.700, 98
Trd, 258994.800, 109
Trd, 258995.400, 111
Trd, 258995.450, 104
Trd, 258995.883, 102
Trd, 258996.283, 101
Trd, 258996.967, 103
Trd, 258997.283, 106
Trd, 258997.367, 107
Trd, 258997.917, 101
Trd, 258998.250, 107
Trd, 258998.700, 104
Trd, 258999.083, 103
Trd, 258999.367, 101
Trd, 258999.683, 101
Trd, 259000.483, 101
Trd, 259000.783, 102
Trd, 259000.850, 101
Trd, 259001.283, 103
Trd, 259001.483, 104
Trd, 259001.567, 99
Trd, 259001.883, 101
Trd, 259002.917, 107
Trd, 259003.283, 108
Trd, 259004.250, 105
Trd, 259004.283, 107
Trd, 259004.300, 106
Trd, 259004.383, 104
Trd, 259005.583, 105
Trd, 259005.767, 105
Trd, 259006.050, 104
Trd, 259006.467, 101
Trd, 259007.133, 101
Trd, 259007.167, 102
Trd, 259007.700, 103
Trd, 259007.767, 104
Trd, 259008.117, 102
Trd, 259008.967, 101
Trd, 259009.367, 102
Trd, 259009.667, 101
Trd, 259010.233, 102
Trd, 259010.567, 101
Trd, 259011.267, 101
Trd, 259011.700, 101
Trd, 259012.017, 102
Trd, 259012.250, 112
Trd, 259012.417, 101
Trd, 259012.950, 109
Trd, 259013.533, 105
Trd, 259013.767, 105
Trd, 259013.833, 104
Trd, 259014.667, 103
Trd, 259014.783, 102
Trd, 259014.983, 103
Trd, 259015.283, 102
Trd, 259015.550, 98
Trd, 259015.783, 103
Trd, 259016.500, 102
Trd, 259017.050, 101
Trd, 259017.517, 103
Trd, 259018.267, 103
Trd, 259018.300, 102
Trd, 259018.733, 105
Trd, 259018.783, 106
Trd, 259018.800, 109
Trd, 259019.433, 103
Trd, 259020.133, 103
Trd, 259020.267, 102
Trd, 259020.433, 101
Trd, 259020.700, 102
Trd, 259021.067, 100
Trd, 259021.317, 99
Trd, 259021.517, 100
Trd, 259022.550, 98
Trd, 259023.033, 96
Trd, 259023.617, 97
Trd, 259023.683, 95
Trd, 259023.767, 98
Trd, 259024.083, 97
Trd, 259024.267, 98
Trd, 259024.550, 99
Trd, 259024.917, 100
Trd, 259025.667, 99
Trd, 259025.767, 100
Trd, 259027.600, 103
Trd, 259027.683, 104
Trd, 259027.717, 112
Trd, 259027.967, 109
Trd, 259029.233, 114
Trd, 259029.450, 110
Trd, 259029.567, 109
Trd, 259029.633, 108
Trd, 259029.833, 102
Trd, 259029.867, 111
Trd, 259030.700, 101
Trd, 259031.350, 105
Trd, 259031.500, 104
Trd, 259031.750, 104
Trd, 259032.133, 105
Trd, 259032.950, 105
Trd, 259033.317, 103
Trd, 259033.367, 105
Trd, 259033.767, 103
Trd, 259033.900, 103
Trd, 259034.083, 103
Trd, 259035.000, 103
Trd, 259035.033, 102
Trd, 259035.200, 103
Trd, 259035.417, 101
Trd, 259035.667, 103
Trd, 259036.383, 110
Trd, 259036.850, 101
Trd, 259038.333, 102
Trd, 259038.533, 99
Trd, 259039.167, 102
Trd, 259039.233, 103
Trd, 259039.600, 101
Trd, 259039.717, 102
Trd, 259040.100, 99
Trd, 259040.400, 106
Trd, 259040.583, 99
Trd, 259041.433, 103
Trd, 259041.950, 114
Trd, 259042.883, 109
Trd, 259042.950, 108
Trd, 259042.983, 109
Trd, 259043.150, 106
Trd, 259043.433, 107
Trd, 259043.817, 106
Trd, 259044.567, 101
Trd, 259044.850, 99
Trd, 259045.200, 104
Trd, 259045.217, 105
Trd, 259045.400, 106
Trd, 259046.300, 100
Trd, 259046.550, 111
Trd, 259047.300, 101
Trd, 259048.100, 112
Trd, 259048.283, 113
Trd, 259048.567, 115
Trd, 259048.633, 112
Trd, 259049.000, 111
Trd, 259049.150, 108
Trd, 259050.383, 105
Trd, 259050.800, 106
Trd, 259050.917, 105
Trd, 259051.217, 107
Trd, 259051.667, 106
Trd, 259051.750, 105
Trd, 259051.950, 104
Trd, 259052.767, 101
Trd, 259053.150, 104
Trd, 259053.433, 112
Trd, 259053.817, 108
Trd, 259054.883, 104
Trd, 259054.967, 105
Trd, 259055.300, 101
Trd, 259055.583, 100
Trd, 259055.883, 105
Trd, 259056.017, 105
Trd, 259056.233, 104
Trd, 259056.317, 102
Trd, 259056.883, 102
Trd, 259057.200, 103
Trd, 259057.483, 103
Trd, 259058.017, 99
Trd, 259058.167, 103
Trd, 259058.967, 101
Trd, 259059.367, 102
Trd, 259059.433, 102
Trd, 259060.150, 101
Trd, 259060.267, 101
Trd, 259060.533, 98
Trd, 259060.817, 100
Trd, 259061.483, 100
Trd, 259061.683, 112
Trd, 259062.183, 98
Trd, 259062.483, 114
Trd, 259062.517, 96
Trd, 259063.067, 104
Trd, 259063.283, 96
Trd, 259063.967, 96
Trd, 259064.017, 89
Trd, 259064.100, 97
Trd, 259064.517, 87
Trd, 259065.067, 97
Trd, 259065.683, 96
Trd, 259066.867, 98
Trd, 259067.033, 97
Trd, 259067.167, 98
Trd, 259067.300, 96
Trd, 259067.533, 98
Trd, 259067.650, 98
Trd, 259067.750, 95
Trd, 259067.967, 98
Trd, 259068.467, 99
Trd, 259068.917, 101
Trd, 259069.583, 98
Trd, 259069.900, 97
Trd, 259070.100, 100
Trd, 259070.283, 92
Trd, 259070.333, 101
Trd, 259070.983, 93
Trd, 259071.417, 104
Trd, 259072.350, 97
Trd, 259072.450, 96
Trd, 259072.517, 106
Trd, 259072.617, 110
Trd, 259073.400, 108
Trd, 259073.550, 100
Trd, 259073.717, 107
Trd, 259074.333, 98
Trd, 259075.150, 103
Trd, 259075.267, 104
Trd, 259075.483, 103
Trd, 259075.867, 104
Trd, 259076.217, 103
Trd, 259076.567, 103
Trd, 259076.667, 104
Trd, 259076.917, 109
Trd, 259077.567, 106
Trd, 259077.917, 106
Trd, 259078.000, 106
Trd, 259078.267, 107
Trd, 259078.417, 106
Trd, 259079.500, 104
Trd, 259079.617, 99
Trd, 259080.000, 105
Trd, 259080.783, 100
Trd, 259081.350, 104
Trd, 259081.500, 106
Trd, 259081.800, 101
Trd, 259082.567, 103
Trd, 259083.433, 104
Trd, 259083.683, 103
Trd, 259084.050, 104
Trd, 259084.600, 100
Trd, 259084.983, 98
Trd, 259085.000, 99
Trd, 259085.050, 97
Trd, 259085.233, 99
Trd, 259085.300, 100
Trd, 259085.467, 104
Trd, 259086.033, 112
Trd, 259086.417, 100
Trd, 259086.867, 109
Trd, 259087.083, 110
Trd, 259087.383, 106
Trd, 259087.967, 108
Trd, 259088.333, 108
Trd, 259088.500, 108
Trd, 259088.817, 107
Trd, 259089.367, 106
Trd, 259090.233, 105
Trd, 259090.483, 106
Trd, 259090.967, 104
Trd, 259091.417, 105
Trd, 259091.433, 105
Trd, 259091.583, 104
Trd, 259091.633, 103
Trd, 259092.017, 103
Trd, 259092.350, 103
Trd, 259092.383, 101
Trd, 259092.983, 97
Trd, 259093.800, 96
Trd, 259094.200, 96
Trd, 259094.417, 97
Trd, 259094.733, 97
Trd, 259094.800, 97
Trd, 259094.967, 97
Trd, 259095.483, 97
Trd, 259095.883, 95
Trd, 259096.133, 98
Trd, 259097.367, 104
Trd, 259098.333, 103
Trd, 259098.383, 105
Trd, 259099.100, 104
Trd, 259099.250, 104
Trd, 259099.617, 107
Trd, 259100.000, 103
Trd, 259100.317, 100
Trd, 259100.450, 107
Trd, 259100.700, 100
Trd, 259101.100, 102
Trd, 259101.250, 100
Trd, 259101.633, 97
Trd, 259101.933, 98
Trd, 259102.183, 91
Trd, 259102.317, 100
Trd, 259102.400, 101
Trd, 259102.417, 104
Trd, 259102.683, 103
Trd, 259102.783, 104
Trd, 259105.450, 100
Trd, 259105.567, 100
Trd, 259105.717, 100
Trd, 259106.100, 101
Trd, 259106.500, 101
Trd, 259106.650, 100
Trd, 259107.000, 100
Trd, 259107.117, 101
Trd, 259107.367, 100
Trd, 259107.633, 100
Trd, 259107.733, 98
Trd, 259107.850, 110
Trd, 259108.667, 99
Trd, 259109.867, 107
Trd, 259109.917, 108
Trd, 259110.017, 106
Trd, 259110.050, 109
Trd, 259111.350, 105
Trd, 259111.417, 104
Trd, 259111.567, 104
Trd, 259111.783, 101
Trd, 259111.867, 101
Trd, 259112.100, 98
Trd, 259112.250, 101
Trd, 259113.750, 100
Trd, 259113.883, 98
Trd, 259114.050, 101
Trd, 259114.517, 99
Trd, 259114.533, 102
Trd, 259115.233, 99
Trd, 259115.333, 100
Trd, 259115.400, 101
Trd, 259116.217, 100
Trd, 259116.700, 109
Trd, 259116.933, 102
Trd, 259116.967, 110
Trd, 259117.367, 111
Trd, 259118.383, 107
Trd, 259118.800, 106
Trd, 259118.833, 104
Trd, 259118.950, 101
Trd, 259119.117, 98
Trd, 259120.050, 102
Trd, 259120.167, 102
Trd, 259120.383, 102
Trd, 259120.933, 104
Trd, 259121.083, 104
Trd, 259121.600, 103
Trd, 259121.867, 103
Trd, 259122.367, 99
Trd, 259122.417, 103
Trd, 259123.200, 99
Trd, 259123.633, 100
Trd, 259123.750, 99
Trd, 259124.367, 99
Trd, 259124.767, 100
Trd, 259125.000, 102
Trd, 259125.483, 103
Trd, 259125.817, 99
Trd, 259126.367, 108
Trd, 259127.000, 109
Trd, 259127.483, 106
Trd, 259127.983, 101
Trd, 259128.400, 107
Trd, 259129.583, 103
Trd, 259129.817, 102
Trd, 259129.883, 101
Trd, 259129.950, 103
Trd, 259130.417, 101
Trd, 259130.633, 102
Trd, 259130.833, 99
Trd, 259130.867, 101
Trd, 259131.283, 100
Trd, 259131.417, 100
Trd, 259131.767, 99
Trd, 259132.333, 99
Trd, 259132.867, 100
Trd, 259132.933, 99
Trd, 259133.483, 98
Trd, 259133.700, 107
Trd, 259134.933, 104
Trd, 259134.983, 105
Trd, 259135.050, 110
Trd, 259135.217, 99
Trd, 259135.433, 100
Trd, 259135.950, 106
Trd, 259136.133, 105
Trd, 259137.000, 106
Trd, 259137.517, 107
Trd, 259137.833, 104
Trd, 259137.917, 101
Trd, 259139.067, 100
Trd, 259139.350, 101
Trd, 259139.417, 100
Trd, 259140.067, 102
Trd, 259140.233, 112
Trd, 259140.817, 112
Trd, 259141.783, 110
Trd, 259141.917, 111
Trd, 259142.233, 111
Trd, 259142.783, 111
Trd, 259142.967, 111
Trd, 259143.317, 108
Trd, 259143.600, 110
Trd, 259143.817, 114
Trd, 259143.967, 115
Trd, 259144.000, 111
Trd, 259144.983, 110
Trd, 259145.233, 108
Trd, 259145.900, 107
Trd, 259145.983, 107
Trd, 259146.100, 106
Trd, 259146.150, 104
Trd, 259146.933, 107
Trd, 259147.000, 104
Trd, 259147.867, 107
Trd, 259148.417, 106
Trd, 259148.483, 105
Trd, 259149.133, 105
Trd, 259149.450, 105
Trd, 259149.550, 104
Trd, 259149.700, 106
Trd, 259149.867, 104
Trd, 259150.117, 102
Trd, 259151.333, 109
Trd, 259151.500, 110
Trd, 259151.717, 109
Trd, 259151.783, 108
Trd, 259152.017, 110
Trd, 259153.233, 111
Trd, 259154.083, 110
Trd, 259154.417, 109
Trd, 259154.500, 111
Trd, 259154.633, 111
Trd, 259155.567, 105
Trd, 259156.033, 106
Trd, 259156.317, 106
Trd, 259156.467, 105
Trd, 259156.633, 109
Trd, 259157.133, 104
Trd, 259157.383, 101
Trd, 259157.800, 101
Trd, 259158.033, 101
Trd, 259158.833, 102
Trd, 259159.183, 100
Trd, 259159.300, 99
Trd, 259159.333, 98
Trd, 259159.600, 100
Trd, 259160.150, 100
Trd, 259160.233, 101
Trd, 259161.083, 100
Trd, 259162.733, 108
Trd, 259162.833, 106
Trd, 259163.050, 106
Trd, 259163.467, 106
Trd, 259163.650, 107
Trd, 259164.250, 105
Trd, 259164.367, 105
Trd, 259164.517, 103
Trd, 259164.767, 102
Trd, 259165.300, 109
Trd, 259166.017, 101
Trd, 259166.317, 102
Trd, 259166.567, 102
Trd, 259166.767, 106
Trd, 259166.950, 110
Trd, 259167.717, 107
Trd, 259167.800, 108
Trd, 259168.217, 109
Trd, 259168.517, 109
Trd, 259168.867, 104
Trd, 259169.733, 101
Trd, 259170.183, 103
Trd, 259170.533, 104
Trd, 259170.800, 103
Trd, 259171.717, 103
Trd, 259172.000, 102
Trd, 259172.200, 99
Trd, 259172.333, 98
Trd, 259172.850, 95
Trd, 259172.867, 101
Trd, 259173.033, 100
Trd, 259173.817, 91
Trd, 259174.100, 101
Trd, 259175.333, 110
Trd, 259176.233, 109
Trd, 259176.350, 108
Trd, 259176.433, 110
Trd, 259176.650, 111
Trd, 259177.433, 109
Trd, 259178.483, 113
Trd, 259178.633, 113
Trd, 259178.650, 111
Trd, 259179.633, 108
Trd, 259180.450, 107
Trd, 259180.717, 106
Trd, 259180.883, 105
Trd, 259181.350, 102
Trd, 259181.417, 104
Trd, 259181.783, 102
Trd, 259181.833, 104
Trd, 259182.300, 104
Trd, 259182.717, 105
Trd, 259182.733, 106
Trd, 259182.817, 106
Trd, 259182.933, 107
Trd, 259183.083, 106
Trd, 259183.267, 104
Trd, 259184.083, 113
Trd, 259185.017, 111
Trd, 259185.667, 110
Trd, 259185.750, 109
Trd, 259185.800, 106
Trd, 259186.183, 102
Trd, 259187.267, 106
Trd, 259187.350, 107
Trd, 259188.033, 108
Trd, 259188.317, 102
Trd, 259188.933, 112
Trd, 259189.533, 110
Trd, 259189.600, 104
Trd, 259189.667, 103
Trd, 259190.533, 108
Trd, 259190.800, 108
Trd, 259191.150, 107
Trd, 259191.283, 108
Trd, 259191.517, 108
Trd, 259191.550, 107
Trd, 259191.617, 106
Trd, 259191.650, 110
Trd, 259192.633, 113
Trd, 259192.717, 103
Trd, 259194.517, 105
Trd, 259194.617, 105
Trd, 259194.950, 104
Trd, 259195.467, 102
Trd, 259195.700, 103
Trd, 259196.017, 102
Trd, 259196.083, 103
Trd, 259196.133, 104
Trd, 259196.167, 105
Trd, 259197.467, 102
Trd, 259197.817, 108
Trd, 259198.350, 101
Trd, 259198.500, 107
Trd, 259198.733, 98
Trd, 259198.800, 99
Trd, 259199.317, 104
Trd, 259199.683, 101
Trd, 259200.000, 103
