Trd, 258508.133, 100
Trd, 258508.600, 92
Trd, 258509.133, 101
Trd, 258509.333, 87
Trd, 258509.633, 84
Trd, 258510.400, 103
Trd, 258511.367, 95
Trd, 258512.100, 88
Trd, 258512.183, 102
Trd, 258512.567, 89
Trd, 258513.167, 95
Trd, 258513.283, 88
Trd, 258513.683, 87
Trd, 258514.050, 94
Trd, 258514.133, 81
Trd, 258514.450, 79
Trd, 258515.350, 75
Trd, 258515.400, 76
Trd, 258516.700, 93
Trd, 258516.767, 93
Trd, 258517.633, 108
Trd, 258518.400, 106
Trd, 258518.417, 100
Trd, 258518.783, 108
Trd, 258519.100, 100
Trd, 258519.617, 109
Trd, 258519.750, 112
Trd, 258520.467, 107
Trd, 258520.867, 104
Trd, 258521.533, 101
Trd, 258521.650, 101
Trd, 258521.933, 98
Trd, 258522.167, 97
Trd, 258522.333, 97
Trd, 258522.417, 96
Trd, 258522.533, 94
Trd, 258522.983, 108
Trd, 258524.117, 108
Trd, 258524.333, 91
Trd, 258524.533, 87
Trd, 258525.367, 108
Trd, 258526.117, 80
Trd, 258526.233, 104
Trd, 258526.800, 101
Trd, 258526.900, 98
Trd, 258526.983, 104
Trd, 258527.350, 92
Trd, 258528.000, 78
Trd, 258530.383, 98
Trd, 258530.800, 95
Trd, 258530.900, 87
Trd, 258531.167, 100
Trd, 258531.517, 87
Trd, 258532.750, 101
Trd, 258532.783, 102
Trd, 258533.117, 104
Trd, 258533.250, 104
Trd, 258533.467, 101
Trd, 258533.767, 108
Trd, 258534.250, 97
Trd, 258534.400, 109
Trd, 258535.133, 101
Trd, 258535.200, 100
Trd, 258535.433, 94
Trd, 258535.700, 86
Trd, 258535.717, 101
Trd, 258535.767, 85
Trd, 258535.800, 113
Trd, 258536.350, 93
Trd, 258536.617, 114
Trd, 258536.683, 76
Trd, 258537.017, 80
Trd, 258537.250, 109
Trd, 258538.050, 76
Trd, 258538.117, 75
Trd, 258539.117, 76
Trd, 258539.217, 79
Trd, 258539.583, 76
Trd, 258540.300, 87
Trd, 258540.683, 84
Trd, 258540.833, 90
Trd, 258541.067, 93
Trd, 258541.100, 105
Trd, 258541.300, 78
Trd, 258541.650, 101
Trd, 258541.667, 109
Trd, 258543.017, 113
Trd, 258543.217, 102
Trd, 258544.167, 112
Trd, 258544.267, 106
Trd, 258544.583, 96
Trd, 258544.833, 99
Trd, 258545.750, 101
Trd, 258545.850, 104
Trd, 258546.067, 99
Trd, 258546.150, 94
Trd, 258546.333, 89
Trd, 258546.417, 93
Trd, 258547.217, 95
Trd, 258547.483, 88
Trd, 258547.983, 85
Trd, 258548.733, 107
Trd, 258548.800, 109
Trd, 258549.017, 103
Trd, 258549.067, 102
Trd, 258549.167, 101
Trd, 258549.333, 111
Trd, 258549.650, 106
Trd, 258549.967, 97
Trd, 258550.200, 92
Trd, 258550.900, 94
Trd, 258551.083, 91
Trd, 258552.317, 94
Trd, 258552.867, 88
Trd, 258553.350, 94
Trd, 258553.400, 87
Trd, 258553.650, 95
Trd, 258554.817, 84
Trd, 258555.717, 88
Trd, 258555.900, 90
Trd, 258555.950, 101
Trd, 258556.367, 89
Trd, 258556.683, 90
Trd, 258557.100, 108
Trd, 258557.183, 86
Trd, 258557.367, 109
Trd, 258557.900, 109
Trd, 258557.950, 80
Trd, 258558.017, 95
Trd, 258558.600, 78
Trd, 258559.367, 75
Trd, 258559.633, 87
Trd, 258559.817, 93
Trd, 258560.167, 100
Trd, 258560.817, 108
Trd, 258560.833, 107
Trd, 258561.267, 102
Trd, 258562.300, 103
Trd, 258562.500, 96
Trd, 258562.667, 91
Trd, 258562.933, 96
Trd, 258563.200, 82
Trd, 258563.800, 90
Trd, 258563.900, 98
Trd, 258564.667, 99
Trd, 258564.850, 100
Trd, 258565.033, 102
Trd, 258565.433, 96
Trd, 258565.533, 109
Trd, 258566.417, 106
Trd, 258566.700, 116
Trd, 258566.983, 101
Trd, 258567.017, 95
Trd, 258567.150, 104
Trd, 258567.633, 89
Trd, 258568.167, 94
Trd, 258568.833, 108
Trd, 258569.250, 111
Trd, 258569.317, 87
Trd, 258570.100, 106
Trd, 258570.517, 99
Trd, 258571.117, 95
Trd, 258571.417, 107
Trd, 258571.617, 104
Trd, 258572.133, 88
Trd, 258572.350, 88
Trd, 258573.133, 95
Trd, 258573.967, 94
Trd, 258574.350, 98
Trd, 258574.467, 87
Trd, 258575.517, 95
Trd, 258576.067, 98
Trd, 258576.250, 98
Trd, 258576.467, 100
Trd, 258576.483, 101
Trd, 258576.717, 101
Trd, 258576.867, 96
Trd, 258577.067, 95
Trd, 258577.317, 92
Trd, 258577.717, 112
Trd, 258578.350, 104
Trd, 258578.900, 113
Trd, 258578.983, 98
Trd, 258579.267, 115
Trd, 258579.650, 96
Trd, 258579.750, 94
Trd, 258580.283, 126
Trd, 258581.033, 101
Trd, 258581.250, 100
Trd, 258581.950, 116
Trd, 258582.067, 99
Trd, 258582.967, 106
Trd, 258583.133, 94
Trd, 258583.417, 112
Trd, 258583.950, 91
Trd, 258584.333, 103
Trd, 258584.350, 87
Trd, 258584.583, 96
Trd, 258585.050, 97
Trd, 258586.133, 92
Trd, 258586.350, 95
Trd, 258586.433, 91
Trd, 258586.583, 97
Trd, 258587.133, 86
Trd, 258587.550, 90
Trd, 258587.733, 86
Trd, 258587.817, 97
Trd, 258588.033, 109
Trd, 258588.133, 100
Trd, 258588.183, 87
Trd, 258588.400, 109
Trd, 258588.450, 82
Trd, 258590.567, 85
Trd, 258590.667, 100
Trd, 258590.750, 101
Trd, 258591.500, 90
Trd, 258591.833, 90
Trd, 258592.583, 101
Trd, 258592.917, 95
Trd, 258593.367, 104
Trd, 258593.950, 100
Trd, 258593.967, 109
Trd, 258594.650, 101
Trd, 258594.983, 97
Trd, 258595.567, 101
Trd, 258595.750, 94
Trd, 258596.000, 87
Trd, 258596.733, 104
Trd, 258596.850, 86
Trd, 258597.850, 90
Trd, 258598.050, 100
Trd, 258598.283, 104
Trd, 258598.700, 92
Trd, 258598.883, 79
Trd, 258598.983, 109
Trd, 258599.133, 117
Trd, 258600.300, 93
Trd, 258600.983, 102
Trd, 258601.017, 93
Trd, 258601.667, 106
Trd, 258602.367, 87
Trd, 258602.467, 91
Trd, 258602.650, 84
Trd, 258602.800, 82
Trd, 258603.000, 81
Trd, 258603.083, 76
Trd, 258603.333, 93
Trd, 258604.017, 101
Trd, 258604.250, 93
Trd, 258604.617, 89
Trd, 258604.750, 105
Trd, 258605.567, 99
Trd, 258605.817, 92
Trd, 258606.967, 85
Trd, 258607.000, 86
Trd, 258607.033, 87
Trd, 258607.417, 93
Trd, 258607.883, 93
Trd, 258608.717, 108
Trd, 258608.983, 108
Trd, 258609.117, 105
Trd, 258609.850, 101
Trd, 258609.983, 95
Trd, 258610.200, 92
Trd, 258610.600, 90
Trd, 258610.983, 88
Trd, 258611.883, 103
Trd, 258612.017, 97
Trd, 258612.583, 88
Trd, 258612.617, 108
Trd, 258613.467, 107
Trd, 258613.967, 109
Trd, 258614.017, 108
Trd, 258614.267, 91
Trd, 258614.933, 109
Trd, 258614.967, 112
Trd, 258615.917, 95
Trd, 258616.083, 101
Trd, 258616.167, 99
Trd, 258616.217, 90
Trd, 258616.350, 100
Trd, 258616.617, 89
Trd, 258616.717, 87
Trd, 258616.967, 87
Trd, 258617.417, 102
Trd, 258617.733, 78
Trd, 258617.800, 107
Trd, 258619.133, 87
Trd, 258619.317, 94
Trd, 258619.633, 92
Trd, 258620.017, 80
Trd, 258620.633, 91
Trd, 258621.050, 101
Trd, 258621.083, 102
Trd, 258621.100, 92
Trd, 258621.517, 108
Trd, 258621.983, 80
Trd, 258622.217, 80
Trd, 258623.683, 101
Trd, 258624.133, 103
Trd, 258624.700, 101
Trd, 258625.083, 106
Trd, 258625.817, 87
Trd, 258626.033, 78
Trd, 258626.467, 101
Trd, 258626.683, 96
Trd, 258627.017, 102
Trd, 258627.233, 105
Trd, 258627.417, 99
Trd, 258627.450, 92
Trd, 258627.567, 91
Trd, 258628.233, 83
Trd, 258628.317, 101
Trd, 258629.167, 76
Trd, 258629.683, 100
Trd, 258629.700, 97
Trd, 258631.117, 105
Trd, 258631.267, 99
Trd, 258632.167, 97
Trd, 258632.217, 96
Trd, 258632.467, 104
Trd, 258632.933, 95
Trd, 258633.167, 87
Trd, 258633.517, 91
Trd, 258633.550, 98
Trd, 258634.183, 100
Trd, 258634.417, 99
Trd, 258635.283, 87
Trd, 258635.700, 87
Trd, 258636.133, 86
Trd, 258636.150, 104
Trd, 258636.433, 95
Trd, 258637.200, 100
Trd, 258637.583, 106
Trd, 258638.583, 97
Trd, 258639.267, 97
Trd, 258639.483, 86
Trd, 258639.750, 101
Trd, 258640.267, 103
Trd, 258640.733, 104
Trd, 258641.017, 85
Trd, 258641.083, 90
Trd, 258641.650, 106
Trd, 258642.167, 107
Trd, 258642.333, 106
Trd, 258642.500, 104
Trd, 258642.550, 109
Trd, 258642.850, 87
Trd, 258643.250, 88
Trd, 258643.450, 113
Trd, 258643.700, 106
Trd, 258644.017, 125
Trd, 258645.117, 117
Trd, 258645.233, 115
Trd, 258645.683, 113
Trd, 258646.867, 106
Trd, 258647.617, 100
Trd, 258647.783, 93
Trd, 258647.983, 92
Trd, 258648.300, 80
Trd, 258649.100, 87
Trd, 258650.233, 100
Trd, 258650.283, 102
Trd, 258650.567, 103
Trd, 258650.883, 95
Trd, 258651.067, 80
Trd, 258651.517, 90
Trd, 258651.667, 86
Trd, 258652.517, 85
Trd, 258652.617, 79
Trd, 258653.350, 99
Trd, 258653.550, 100
Trd, 258654.417, 81
Trd, 258654.733, 85
Trd, 258655.167, 93
Trd, 258655.433, 103
Trd, 258655.800, 79
Trd, 258656.517, 96
Trd, 258656.767, 104
Trd, 258657.083, 105
Trd, 258657.167, 106
Trd, 258657.450, 106
Trd, 258657.500, 105
Trd, 258657.633, 84
Trd, 258658.417, 106
Trd, 258658.883, 101
Trd, 258659.450, 101
Trd, 258659.633, 95
Trd, 258659.700, 92
Trd, 258660.983, 109
Trd, 258661.367, 104
Trd, 258661.467, 103
Trd, 258662.283, 101
Trd, 258662.500, 112
Trd, 258663.367, 98
Trd, 258663.433, 94
Trd, 258663.500, 87
Trd, 258663.617, 87
Trd, 258663.783, 103
Trd, 258664.033, 102
Trd, 258664.350, 104
Trd, 258664.933, 101
Trd, 258665.633, 99
Trd, 258665.950, 108
Trd, 258666.400, 88
Trd, 258667.133, 92
Trd, 258667.567, 95
Trd, 258667.883, 88
Trd, 258668.517, 87
Trd, 258668.600, 105
Trd, 258669.133, 81
Trd, 258669.300, 87
Trd, 258669.350, 105
Trd, 258669.750, 94
Trd, 258669.783, 84
Trd, 258670.533, 101
Trd, 258672.033, 100
Trd, 258672.117, 96
Trd, 258672.483, 101
Trd, 258672.767, 89
Trd, 258673.017, 90
Trd, 258673.350, 100
Trd, 258673.750, 94
Trd, 258673.867, 88
Trd, 258673.883, 101
Trd, 258674.683, 107
Trd, 258675.033, 108
Trd, 258675.417, 88
Trd, 258676.117, 93
Trd, 258676.383, 96
Trd, 258676.450, 109
Trd, 258677.117, 89
Trd, 258677.233, 95
Trd, 258677.667, 86
Trd, 258677.850, 85
Trd, 258678.417, 103
Trd, 258678.567, 90
Trd, 258678.817, 105
Trd, 258679.300, 95
Trd, 258679.783, 93
Trd, 258680.817, 105
Trd, 258681.433, 106
Trd, 258681.683, 106
Trd, 258681.717, 94
Trd, 258681.750, 89
Trd, 258681.833, 107
Trd, 258681.967, 87
Trd, 258682.433, 88
Trd, 258683.350, 111
Trd, 258683.400, 90
Trd, 258683.500, 87
Trd, 258683.717, 83
Trd, 258683.950, 112
Trd, 258684.550, 84
Trd, 258684.700, 96
Trd, 258686.217, 105
Trd, 258686.233, 108
Trd, 258686.517, 89
Trd, 258687.233, 109
Trd, 258687.300, 94
Trd, 258687.350, 88
Trd, 258687.367, 85
Trd, 258688.483, 106
Trd, 258688.883, 103
Trd, 258690.583, 104
Trd, 258690.617, 102
Trd, 258690.667, 116
Trd, 258691.233, 95
Trd, 258691.517, 110
Trd, 258692.133, 108
Trd, 258692.667, 105
Trd, 258692.867, 113
Trd, 258693.467, 98
Trd, 258693.633, 101
Trd, 258693.800, 101
Trd, 258693.967, 95
Trd, 258694.267, 87
Trd, 258694.300, 82
Trd, 258695.250, 83
Trd, 258695.467, 83
Trd, 258695.967, 85
Trd, 258696.000, 88
Trd, 258696.183, 89
Trd, 258696.200, 93
Trd, 258696.667, 96
Trd, 258696.800, 87
Trd, 258697.983, 108
Trd, 258698.217, 90
Trd, 258698.500, 109
Trd, 258698.717, 95
Trd, 258698.950, 84
Trd, 258699.833, 107
Trd, 258701.050, 90
Trd, 258701.267, 89
Trd, 258701.500, 95
Trd, 258701.600, 89
Trd, 258701.667, 92
Trd, 258701.700, 88
Trd, 258702.900, 101
Trd, 258703.400, 94
Trd, 258703.633, 103
Trd, 258703.817, 108
Trd, 258704.100, 99
Trd, 258704.767, 94
Trd, 258704.883, 84
Trd, 258705.400, 106
Trd, 258705.517, 102
Trd, 258706.750, 114
Trd, 258706.983, 100
Trd, 258707.067, 97
Trd, 258707.450, 102
Trd, 258707.533, 94
Trd, 258707.567, 87
Trd, 258708.100, 105
Trd, 258708.467, 86
Trd, 258709.133, 83
Trd, 258709.233, 87
Trd, 258710.783, 92
Trd, 258711.183, 90
Trd, 258711.483, 86
Trd, 258711.650, 85
Trd, 258711.683, 82
Trd, 258711.750, 93
Trd, 258712.050, 99
Trd, 258712.517, 79
Trd, 258712.667, 84
Trd, 258713.850, 100
Trd, 258714.350, 101
Trd, 258714.783, 109
Trd, 258715.517, 104
Trd, 258715.667, 101
Trd, 258715.783, 95
Trd, 258716.600, 89
Trd, 258717.000, 104
Trd, 258717.150, 99
Trd, 258717.333, 109
Trd, 258717.450, 90
Trd, 258717.817, 88
Trd, 258718.317, 95
Trd, 258719.150, 87
Trd, 258719.650, 80
Trd, 258720.417, 84
Trd, 258721.150, 82
Trd, 258721.500, 86
Trd, 258722.133, 86
Trd, 258722.383, 87
Trd, 258722.450, 83
Trd, 258723.050, 93
Trd, 258723.450, 96
Trd, 258723.883, 92
Trd, 258723.967, 98
Trd, 258724.783, 84
Trd, 258724.800, 80
Trd, 258725.150, 94
Trd, 258725.950, 109
Trd, 258726.250, 110
Trd, 258726.283, 103
Trd, 258726.417, 100
Trd, 258726.483, 101
Trd, 258726.617, 121
Trd, 258726.633, 92
Trd, 258727.067, 91
Trd, 258727.733, 104
Trd, 258727.767, 87
Trd, 258728.433, 87
Trd, 258728.567, 87
Trd, 258728.983, 76
Trd, 258729.317, 98
Trd, 258729.433, 92
Trd, 258730.950, 96
Trd, 258731.317, 82
Trd, 258731.617, 81
Trd, 258732.250, 79
Trd, 258732.550, 77
Trd, 258732.633, 88
Trd, 258732.667, 91
Trd, 258732.933, 93
Trd, 258734.050, 102
Trd, 258734.317, 96
Trd, 258734.467, 103
Trd, 258735.050, 80
Trd, 258735.333, 79
Trd, 258735.617, 94
Trd, 258736.050, 101
Trd, 258736.750, 101
Trd, 258736.883, 100
Trd, 258737.733, 103
Trd, 258737.817, 94
Trd, 258737.983, 93
Trd, 258738.600, 97
Trd, 258740.117, 88
Trd, 258740.267, 101
Trd, 258740.733, 87
Trd, 258740.767, 85
Trd, 258740.950, 103
Trd, 258741.050, 82
Trd, 258741.117, 109
Trd, 258741.333, 106
Trd, 258741.500, 101
Trd, 258743.133, 88
Trd, 258743.200, 91
Trd, 258743.217, 110
Trd, 258743.433, 85
Trd, 258743.667, 81
Trd, 258745.017, 87
Trd, 258745.267, 98
Trd, 258745.583, 104
Trd, 258745.733, 104
Trd, 258745.933, 86
Trd, 258746.783, 87
Trd, 258747.217, 96
Trd, 258747.233, 76
Trd, 258747.850, 96
Trd, 258747.983, 109
Trd, 258748.000, 76
Trd, 258748.183, 100
Trd, 258748.450, 79
Trd, 258748.633, 98
Trd, 258748.983, 87
Trd, 258749.400, 99
Trd, 258750.517, 108
Trd, 258750.817, 109
Trd, 258750.950, 117
Trd, 258751.350, 105
Trd, 258752.400, 106
Trd, 258752.583, 98
Trd, 258752.817, 97
Trd, 258752.950, 99
Trd, 258753.300, 95
Trd, 258753.650, 84
Trd, 258754.000, 87
Trd, 258754.100, 102
Trd, 258755.300, 86
Trd, 258755.833, 77
Trd, 258756.067, 104
Trd, 258756.617, 104
Trd, 258756.633, 106
Trd, 258756.733, 87
Trd, 258757.033, 94
Trd, 258757.133, 86
Trd, 258757.167, 79
Trd, 258758.200, 110
Trd, 258758.300, 110
Trd, 258759.567, 106
Trd, 258759.600, 104
Trd, 258759.633, 107
Trd, 258759.917, 105
Trd, 258759.983, 99
Trd, 258760.417, 94
Trd, 258760.450, 85
Trd, 258760.917, 98
Trd, 258761.083, 104
Trd, 258761.400, 91
Trd, 258762.117, 92
Trd, 258762.333, 87
Trd, 258762.783, 88
Trd, 258763.583, 93
Trd, 258764.250, 88
Trd, 258764.467, 109
Trd, 258765.200, 86
Trd, 258765.233, 91
Trd, 258765.633, 78
Trd, 258766.600, 100
Trd, 258766.650, 102
Trd, 258766.850, 94
Trd, 258767.283, 112
Trd, 258767.300, 113
Trd, 258767.433, 92
Trd, 258767.900, 95
Trd, 258768.100, 95
Trd, 258769.133, 109
Trd, 258769.150, 110
Trd, 258769.333, 80
Trd, 258770.250, 110
Trd, 258770.717, 107
Trd, 258770.867, 106
Trd, 258770.883, 104
Trd, 258771.117, 94
Trd, 258773.067, 105
Trd, 258773.517, 101
Trd, 258773.817, 98
Trd, 258773.917, 101
Trd, 258773.967, 94
Trd, 258774.467, 112
Trd, 258774.917, 110
Trd, 258774.983, 103
Trd, 258775.483, 101
Trd, 258775.700, 99
Trd, 258775.900, 108
Trd, 258776.900, 100
Trd, 258777.283, 103
Trd, 258777.417, 103
Trd, 258777.433, 101
Trd, 258777.750, 95
Trd, 258777.917, 111
Trd, 258778.983, 103
Trd, 258779.017, 106
Trd, 258779.167, 95
Trd, 258779.317, 93
Trd, 258779.817, 87
Trd, 258779.917, 86
Trd, 258780.467, 77
Trd, 258781.283, 109
Trd, 258782.000, 111
Trd, 258782.433, 106
Trd, 258782.450, 92
Trd, 258782.733, 86
Trd, 258782.917, 99
Trd, 258783.050, 111
Trd, 258783.067, 101
Trd, 258784.183, 87
Trd, 258784.250, 77
Trd, 258785.500, 97
Trd, 258785.817, 99
Trd, 258786.733, 108
Trd, 258787.517, 106
Trd, 258787.967, 100
Trd, 258788.567, 101
Trd, 258788.650, 106
Trd, 258788.717, 97
Trd, 258788.883, 95
Trd, 258789.050, 91
Trd, 258789.367, 87
Trd, 258790.050, 105
Trd, 258790.183, 98
Trd, 258790.233, 100
Trd, 258790.383, 105
Trd, 258791.200, 101
Trd, 258791.367, 109
Trd, 258791.500, 96
Trd, 258791.517, 104
Trd, 258791.867, 92
Trd, 258793.317, 88
Trd, 258793.367, 87
Trd, 258793.683, 104
Trd, 258793.917, 83
Trd, 258794.867, 82
Trd, 258795.133, 84
Trd, 258795.600, 103
Trd, 258795.683, 95
Trd, 258795.850, 78
Trd, 258796.283, 102
Trd, 258796.700, 89
Trd, 258796.950, 89
Trd, 258797.233, 96
Trd, 258798.500, 96
Trd, 258798.583, 97
Trd, 258798.733, 99
Trd, 258799.167, 95
Trd, 258800.200, 94
Trd, 258800.467, 87
Trd, 258800.483, 116
Trd, 258800.500, 86
Trd, 258800.883, 117
Trd, 258801.733, 101
Trd, 258803.067, 99
Trd, 258803.350, 106
Trd, 258803.417, 96
Trd, 258803.633, 108
Trd, 258803.850, 95
Trd, 258804.950, 99
Trd, 258805.000, 94
Trd, 258805.500, 95
Trd, 258805.600, 101
Trd, 258805.633, 108
Trd, 258805.833, 109
Trd, 258806.483, 97
Trd, 258806.500, 97
Trd, 258807.667, 96
Trd, 258807.717, 95
Trd, 258807.817, 103
Trd, 258808.200, 104
Trd, 258810.350, 104
Trd, 258811.067, 108
Trd, 258811.150, 109
Trd, 258811.200, 105
Trd, 258811.300, 104
Trd, 258811.583, 98
Trd, 258812.067, 94
Trd, 258812.300, 95
Trd, 258812.417, 108
Trd, 258812.850, 86
Trd, 258813.333, 103
Trd, 258813.533, 87
Trd, 258813.850, 88
Trd, 258813.933, 86
Trd, 258814.450, 101
Trd, 258815.067, 103
Trd, 258815.400, 107
Trd, 258816.150, 104
Trd, 258816.267, 95
Trd, 258816.767, 108
Trd, 258816.833, 89
Trd, 258818.567, 90
Trd, 258818.600, 93
Trd, 258819.000, 94
Trd, 258819.350, 101
Trd, 258819.900, 91
Trd, 258820.000, 89
Trd, 258820.417, 104
Trd, 258821.517, 108
Trd, 258821.550, 94
Trd, 258822.067, 109
Trd, 258822.567, 91
Trd, 258822.783, 98
Trd, 258822.867, 89
Trd, 258822.900, 84
Trd, 258822.967, 103
Trd, 258823.183, 98
Trd, 258823.533, 105
Trd, 258824.083, 113
Trd, 258824.550, 84
Trd, 258824.733, 83
Trd, 258825.317, 84
Trd, 258825.600, 77
Trd, 258825.783, 101
Trd, 258826.483, 99
Trd, 258827.183, 101
Trd, 258827.400, 104
Trd, 258827.483, 106
Trd, 258828.667, 89
Trd, 258828.950, 87
Trd, 258829.033, 82
Trd, 258829.400, 94
Trd, 258829.450, 102
Trd, 258830.183, 92
Trd, 258830.283, 89
Trd, 258831.017, 83
Trd, 258831.150, 92
Trd, 258831.983, 84
Trd, 258832.333, 80
Trd, 258832.517, 75
Trd, 258832.600, 80
Trd, 258833.067, 93
Trd, 258833.183, 101
Trd, 258833.483, 95
Trd, 258833.633, 103
Trd, 258833.867, 109
Trd, 258834.733, 95
Trd, 258835.267, 92
Trd, 258836.350, 96
Trd, 258837.050, 93
Trd, 258837.267, 106
Trd, 258837.767, 87
Trd, 258838.100, 90
Trd, 258838.250, 80
Trd, 258838.633, 91
Trd, 258838.817, 103
Trd, 258839.233, 84
Trd, 258839.250, 100
Trd, 258839.617, 103
Trd, 258839.933, 109
Trd, 258840.383, 109
Trd, 258840.433, 91
Trd, 258840.833, 92
Trd, 258840.900, 87
Trd, 258841.517, 89
Trd, 258841.617, 99
Trd, 258841.667, 87
Trd, 258842.883, 101
Trd, 258843.167, 108
Trd, 258844.800, 106
Trd, 258845.467, 99
Trd, 258845.583, 103
Trd, 258846.133, 102
Trd, 258846.833, 98
Trd, 258846.950, 97
Trd, 258847.250, 101
Trd, 258847.333, 96
Trd, 258847.650, 105
Trd, 258847.883, 95
Trd, 258848.200, 87
Trd, 258849.067, 90
Trd, 258850.033, 103
Trd, 258851.150, 114
Trd, 258851.333, 113
Trd, 258851.433, 104
Trd, 258851.517, 102
Trd, 258851.817, 95
Trd, 258852.633, 114
Trd, 258853.383, 95
Trd, 258853.417, 93
Trd, 258853.550, 81
Trd, 258853.717, 100
Trd, 258854.133, 87
Trd, 258854.250, 82
Trd, 258854.550, 94
Trd, 258854.717, 90
Trd, 258855.600, 77
Trd, 258855.933, 86
Trd, 258856.133, 87
Trd, 258856.283, 90
Trd, 258856.650, 87
Trd, 258856.750, 93
Trd, 258856.983, 86
Trd, 258857.467, 108
Trd, 258858.117, 93
Trd, 258858.817, 106
Trd, 258859.517, 107
Trd, 258859.650, 109
Trd, 258859.767, 103
Trd, 258860.400, 101
Trd, 258860.517, 88
Trd, 258860.817, 105
Trd, 258861.267, 107
Trd, 258861.600, 107
Trd, 258861.900, 105
Trd, 258863.617, 91
Trd, 258863.917, 101
Trd, 258864.033, 95
Trd, 258864.250, 92
Trd, 258864.300, 91
Trd, 258864.417, 87
Trd, 258864.550, 84
Trd, 258864.633, 83
Trd, 258865.233, 108
Trd, 258866.500, 84
Trd, 258866.600, 92
Trd, 258866.750, 93
Trd, 258866.983, 83
Trd, 258867.183, 96
Trd, 258867.783, 78
Trd, 258869.083, 100
Trd, 258869.217, 99
Trd, 258869.350, 99
Trd, 258871.017, 95
Trd, 258871.550, 97
Trd, 258871.750, 97
Trd, 258872.383, 97
Trd, 258872.750, 86
Trd, 258872.767, 79
Trd, 258872.783, 78
Trd, 258873.250, 77
Trd, 258873.533, 80
Trd, 258873.650, 83
Trd, 258874.483, 98
Trd, 258874.983, 102
Trd, 258875.783, 107
Trd, 258876.200, 106
Trd, 258877.917, 98
Trd, 258878.017, 104
Trd, 258878.067, 97
Trd, 258878.100, 95
Trd, 258878.267, 105
Trd, 258878.583, 103
Trd, 258878.817, 104
Trd, 258878.850, 109
Trd, 258878.883, 101
Trd, 258879.117, 109
Trd, 258879.650, 96
Trd, 258879.767, 111
Trd, 258879.867, 112
Trd, 258880.550, 86
Trd, 258880.600, 93
Trd, 258881.000, 81
Trd, 258881.183, 109
Trd, 258883.433, 104
Trd, 258883.500, 103
Trd, 258883.533, 101
Trd, 258883.583, 103
Trd, 258884.150, 99
Trd, 258884.733, 97
Trd, 258884.933, 103
Trd, 258885.100, 95
Trd, 258885.617, 103
Trd, 258886.467, 87
Trd, 258886.583, 80
Trd, 258886.767, 76
Trd, 258887.333, 79
Trd, 258888.117, 74
Trd, 258888.350, 75
Trd, 258888.483, 81
Trd, 258888.933, 87
Trd, 258889.083, 117
Trd, 258889.367, 93
Trd, 258889.400, 112
Trd, 258890.150, 78
Trd, 258890.267, 74
Trd, 258890.600, 80
Trd, 258891.050, 86
Trd, 258891.400, 94
Trd, 258891.883, 76
Trd, 258892.933, 91
Trd, 258893.450, 93
Trd, 258894.183, 86
Trd, 258895.050, 90
Trd, 258895.350, 97
Trd, 258895.550, 86
Trd, 258895.867, 79
Trd, 258896.117, 75
Trd, 258896.300, 98
Trd, 258896.850, 95
Trd, 258896.867, 82
Trd, 258897.117, 73
Trd, 258897.383, 104
Trd, 258897.583, 87
Trd, 258897.733, 107
Trd, 258899.183, 81
Trd, 258899.350, 82
Trd, 258899.633, 76
Trd, 258899.917, 93
Trd, 258901.150, 86
Trd, 258901.233, 87
Trd, 258901.783, 78
Trd, 258901.933, 77
Trd, 258902.567, 80
Trd, 258902.617, 87
Trd, 258902.867, 96
Trd, 258902.967, 100
Trd, 258903.133, 87
Trd, 258904.083, 77
Trd, 258904.783, 101
Trd, 258904.833, 96
Trd, 258905.550, 95
Trd, 258906.200, 106
Trd, 258906.317, 90
Trd, 258906.733, 87
Trd, 258907.100, 95
Trd, 258907.383, 99
Trd, 258908.833, 99
Trd, 258908.850, 98
Trd, 258909.300, 101
Trd, 258909.383, 99
Trd, 258909.533, 106
Trd, 258909.567, 108
Trd, 258910.100, 93
Trd, 258910.150, 112
Trd, 258910.183, 88
Trd, 258910.767, 104
Trd, 258911.633, 87
Trd, 258912.083, 82
Trd, 258912.367, 109
Trd, 258913.733, 94
Trd, 258914.033, 101
Trd, 258914.533, 98
Trd, 258915.700, 106
Trd, 258916.283, 101
Trd, 258916.650, 101
Trd, 258917.050, 101
Trd, 258917.517, 105
Trd, 258917.883, 96
Trd, 258918.833, 95
Trd, 258918.967, 94
Trd, 258919.117, 87
Trd, 258919.333, 101
Trd, 258919.750, 87
Trd, 258920.000, 81
Trd, 258920.233, 91
Trd, 258920.750, 100
Trd, 258921.217, 102
Trd, 258921.700, 86
Trd, 258922.183, 95
Trd, 258922.733, 103
Trd, 258923.183, 104
Trd, 258923.200, 89
Trd, 258923.967, 100
Trd, 258924.567, 90
Trd, 258924.633, 88
Trd, 258924.683, 86
Trd, 258925.350, 83
Trd, 258925.917, 96
Trd, 258926.200, 96
Trd, 258926.400, 97
Trd, 258927.217, 90
Trd, 258927.383, 87
Trd, 258927.617, 86
Trd, 258927.700, 84
Trd, 258928.350, 102
Trd, 258928.967, 106
Trd, 258929.117, 109
Trd, 258929.283, 112
Trd, 258929.900, 101
Trd, 258929.950, 125
Trd, 258930.150, 106
Trd, 258930.250, 101
Trd, 258931.500, 101
Trd, 258932.183, 94
Trd, 258933.067, 100
Trd, 258933.483, 93
Trd, 258933.750, 100
Trd, 258933.867, 100
Trd, 258934.367, 98
Trd, 258934.867, 98
Trd, 258935.017, 95
Trd, 258935.350, 88
Trd, 258935.450, 103
Trd, 258935.500, 114
Trd, 258935.850, 86
Trd, 258936.167, 101
Trd, 258936.283, 100
Trd, 258936.317, 93
Trd, 258936.350, 87
Trd, 258937.333, 113
Trd, 258937.433, 111
Trd, 258937.850, 108
Trd, 258938.333, 114
Trd, 258938.767, 106
Trd, 258939.317, 93
Trd, 258939.867, 94
Trd, 258940.033, 95
Trd, 258940.300, 101
Trd, 258940.517, 107
Trd, 258941.350, 102
Trd, 258941.533, 92
Trd, 258942.150, 100
Trd, 258942.450, 109
Trd, 258942.700, 87
Trd, 258943.100, 85
Trd, 258943.400, 106
Trd, 258944.333, 90
Trd, 258944.417, 85
Trd, 258944.533, 104
Trd, 258944.733, 85
Trd, 258944.933, 87
Trd, 258945.483, 100
Trd, 258946.233, 102
Trd, 258946.267, 98
Trd, 258947.033, 106
Trd, 258947.367, 106
Trd, 258947.550, 97
Trd, 258947.750, 95
Trd, 258947.867, 105
Trd, 258948.083, 94
Trd, 258948.417, 87
Trd, 258948.550, 105
Trd, 258948.883, 82
Trd, 258950.517, 101
Trd, 258950.533, 102
Trd, 258950.900, 93
Trd, 258951.283, 88
Trd, 258952.450, 99
Trd, 258952.650, 102
Trd, 258952.683, 103
Trd, 258952.817, 87
Trd, 258953.183, 109
Trd, 258953.600, 100
Trd, 258953.783, 101
Trd, 258954.367, 112
Trd, 258954.433, 89
Trd, 258954.483, 76
Trd, 258955.450, 100
Trd, 258955.683, 93
Trd, 258956.333, 93
Trd, 258956.733, 102
Trd, 258956.900, 90
Trd, 258957.283, 101
Trd, 258957.750, 117
Trd, 258957.983, 117
Trd, 258958.750, 105
Trd, 258959.283, 101
Trd, 258959.750, 110
Trd, 258959.800, 105
Trd, 258959.883, 112
Trd, 258960.317, 98
Trd, 258960.417, 88
Trd, 258961.183, 94
Trd, 258962.017, 97
Trd, 258962.283, 91
Trd, 258962.917, 85
Trd, 258962.967, 90
Trd, 258963.683, 88
Trd, 258964.583, 106
Trd, 258964.633, 102
Trd, 258964.683, 93
Trd, 258964.733, 87
Trd, 258964.817, 109
Trd, 258965.383, 99
Trd, 258965.400, 89
Trd, 258965.483, 87
Trd, 258965.900, 85
Trd, 258966.433, 82
Trd, 258967.417, 92
Trd, 258967.583, 103
Trd, 258967.733, 95
Trd, 258968.550, 85
Trd, 258969.667, 106
Trd, 258970.000, 97
Trd, 258970.217, 87
Trd, 258970.317, 103
Trd, 258970.800, 109
Trd, 258971.983, 106
Trd, 258972.683, 104
Trd, 258972.950, 93
Trd, 258973.050, 101
Trd, 258973.567, 95
Trd, 258974.300, 99
Trd, 258974.617, 90
Trd, 258975.133, 96
Trd, 258975.250, 95
Trd, 258976.633, 102
Trd, 258976.967, 98
Trd, 258977.267, 102
Trd, 258977.367, 109
Trd, 258977.950, 97
Trd, 258978.400, 95
Trd, 258978.883, 116
Trd, 258978.950, 95
Trd, 258979.233, 87
Trd, 258979.700, 109
Trd, 258979.817, 94
Trd, 258980.083, 83
Trd, 258980.167, 81
Trd, 258980.633, 111
Trd, 258980.883, 105
Trd, 258982.383, 102
Trd, 258982.633, 103
Trd, 258983.200, 98
Trd, 258983.850, 104
Trd, 258983.917, 98
Trd, 258984.217, 95
Trd, 258984.250, 82
Trd, 258984.683, 81
Trd, 258985.850, 93
Trd, 258986.283, 94
Trd, 258986.467, 113
Trd, 258986.500, 101
Trd, 258987.033, 93
Trd, 258987.633, 97
Trd, 258987.767, 95
Trd, 258988.100, 87
Trd, 258988.183, 111
Trd, 258988.267, 113
Trd, 258988.400, 100
Trd, 258990.283, 121
Trd, 258990.567, 114
Trd, 258990.633, 123
Trd, 258990.783, 113
Trd, 258990.967, 112
Trd, 258991.300, 106
Trd, 258991.667, 102
Trd, 258992.217, 97
Trd, 258994.200, 98
Trd, 258994.233, 81
Trd, 258994.383, 83
Trd, 258994.800, 99
Trd, 258995.083, 87
Trd, 258995.133, 80
Trd, 258995.667, 95
Trd, 258995.900, 96
Trd, 258996.333, 97
Trd, 258996.350, 98
Trd, 258996.783, 102
Trd, 258997.350, 102
Trd, 258997.683, 100
Trd, 258998.317, 102
Trd, 258998.383, 103
Trd, 258998.783, 109
Trd, 258999.183, 108
Trd, 258999.217, 94
Trd, 258999.433, 96
Trd, 258999.533, 103
Trd, 259000.317, 92
Trd, 259001.133, 112
Trd, 259002.067, 106
Trd, 259002.183, 100
Trd, 259002.333, 95
Trd, 259002.583, 88
Trd, 259004.050, 88
Trd, 259004.283, 86
Trd, 259004.533, 86
Trd, 259005.017, 93
Trd, 259005.383, 89
Trd, 259005.983, 93
Trd, 259006.350, 94
Trd, 259006.667, 96
Trd, 259007.400, 100
Trd, 259007.717, 84
Trd, 259007.867, 79
Trd, 259008.517, 89
Trd, 259008.883, 77
Trd, 259009.050, 84
Trd, 259009.133, 90
Trd, 259009.617, 88
Trd, 259009.650, 87
Trd, 259009.667, 76
Trd, 259010.083, 90
Trd, 259010.833, 89
Trd, 259011.133, 85
Trd, 259011.200, 97
Trd, 259011.467, 76
Trd, 259011.667, 85
Trd, 259012.100, 102
Trd, 259012.383, 104
Trd, 259012.900, 93
Trd, 259013.183, 84
Trd, 259013.383, 101
Trd, 259013.533, 95
Trd, 259014.067, 106
Trd, 259014.933, 113
Trd, 259014.967, 111
Trd, 259015.083, 101
Trd, 259015.117, 110
Trd, 259016.167, 106
Trd, 259016.917, 89
Trd, 259017.067, 90
Trd, 259017.717, 90
Trd, 259018.033, 98
Trd, 259018.550, 107
Trd, 259018.583, 88
Trd, 259018.917, 105
Trd, 259019.483, 101
Trd, 259019.550, 98
Trd, 259020.283, 93
Trd, 259020.450, 93
Trd, 259021.767, 86
Trd, 259021.850, 101
Trd, 259023.000, 95
Trd, 259023.017, 85
Trd, 259023.033, 98
Trd, 259023.483, 96
Trd, 259023.933, 87
Trd, 259024.300, 99
Trd, 259024.383, 80
Trd, 259024.700, 102
Trd, 259024.717, 97
Trd, 259025.050, 79
Trd, 259025.567, 84
Trd, 259025.983, 91
Trd, 259026.683, 76
Trd, 259027.067, 71
Trd, 259027.333, 77
Trd, 259027.600, 103
Trd, 259027.650, 98
Trd, 259028.083, 109
Trd, 259028.100, 74
Trd, 259028.150, 67
Trd, 259028.367, 84
Trd, 259028.583, 76
Trd, 259029.717, 101
Trd, 259029.733, 108
Trd, 259031.350, 102
Trd, 259031.650, 95
Trd, 259031.700, 105
Trd, 259031.800, 114
Trd, 259032.500, 98
Trd, 259033.817, 96
Trd, 259034.450, 106
Trd, 259034.483, 89
Trd, 259035.033, 91
Trd, 259035.133, 109
Trd, 259035.983, 105
Trd, 259036.050, 102
Trd, 259036.567, 108
Trd, 259036.917, 107
Trd, 259037.033, 97
Trd, 259037.533, 102
Trd, 259037.550, 90
Trd, 259037.700, 106
Trd, 259038.117, 109
Trd, 259038.233, 106
Trd, 259038.967, 99
Trd, 259039.133, 100
Trd, 259039.300, 94
Trd, 259039.350, 131
Trd, 259039.600, 92
Trd, 259040.367, 88
Trd, 259040.733, 101
Trd, 259040.967, 104
Trd, 259041.083, 104
Trd, 259041.767, 107
Trd, 259042.517, 108
Trd, 259042.717, 98
Trd, 259042.967, 95
Trd, 259042.983, 109
Trd, 259043.967, 102
Trd, 259044.400, 88
Trd, 259044.483, 87
Trd, 259046.067, 84
Trd, 259046.233, 92
Trd, 259046.917, 79
Trd, 259047.167, 93
Trd, 259047.400, 76
Trd, 259047.417, 103
Trd, 259047.867, 109
Trd, 259047.933, 84
Trd, 259048.417, 106
Trd, 259049.217, 103
Trd, 259049.283, 95
Trd, 259049.433, 97
Trd, 259050.217, 101
Trd, 259050.617, 99
Trd, 259050.933, 112
Trd, 259051.250, 90
Trd, 259051.400, 86
Trd, 259051.750, 116
Trd, 259051.950, 89
Trd, 259052.267, 92
Trd, 259053.483, 125
Trd, 259054.100, 101
Trd, 259054.150, 88
Trd, 259055.233, 89
Trd, 259055.267, 87
Trd, 259055.383, 109
Trd, 259056.083, 101
Trd, 259056.450, 96
Trd, 259056.867, 95
Trd, 259057.383, 102
Trd, 259057.633, 84
Trd, 259057.800, 80
Trd, 259059.000, 98
Trd, 259059.250, 95
Trd, 259059.383, 94
Trd, 259059.567, 92
Trd, 259060.300, 87
Trd, 259060.683, 98
Trd, 259060.750, 102
Trd, 259061.267, 84
Trd, 259061.450, 108
Trd, 259063.100, 79
Trd, 259063.200, 95
Trd, 259064.067, 94
Trd, 259064.500, 87
Trd, 259064.667, 102
Trd, 259064.850, 86
Trd, 259065.050, 86
Trd, 259065.417, 82
Trd, 259065.733, 76
Trd, 259066.250, 99
Trd, 259066.517, 100
Trd, 259066.550, 89
Trd, 259067.233, 103
Trd, 259067.867, 85
Trd, 259068.467, 86
Trd, 259068.967, 102
Trd, 259069.000, 101
Trd, 259069.267, 101
Trd, 259069.983, 90
Trd, 259070.350, 105
Trd, 259070.417, 107
Trd, 259070.867, 107
Trd, 259071.367, 87
Trd, 259071.600, 106
Trd, 259072.067, 89
Trd, 259072.400, 107
Trd, 259072.450, 83
Trd, 259072.600, 82
Trd, 259073.267, 92
Trd, 259073.667, 96
Trd, 259073.900, 87
Trd, 259075.233, 108
Trd, 259075.483, 98
Trd, 259076.300, 107
Trd, 259076.367, 101
Trd, 259076.667, 95
Trd, 259076.733, 101
Trd, 259076.817, 94
Trd, 259077.467, 99
Trd, 259077.867, 97
Trd, 259078.583, 94
Trd, 259079.067, 97
Trd, 259079.250, 86
Trd, 259079.917, 101
Trd, 259080.467, 101
Trd, 259080.667, 103
Trd, 259080.950, 100
Trd, 259081.167, 99
Trd, 259081.433, 94
Trd, 259082.000, 94
Trd, 259083.417, 106
Trd, 259083.500, 107
Trd, 259083.633, 108
Trd, 259084.683, 106
Trd, 259084.867, 98
Trd, 259085.100, 103
Trd, 259085.433, 96
Trd, 259085.450, 115
Trd, 259085.550, 95
Trd, 259085.867, 92
Trd, 259086.133, 101
Trd, 259087.583, 108
Trd, 259088.117, 103
Trd, 259088.467, 100
Trd, 259088.717, 108
Trd, 259088.850, 95
Trd, 259089.383, 106
Trd, 259089.967, 93
Trd, 259090.217, 92
Trd, 259090.550, 107
Trd, 259090.617, 93
Trd, 259091.367, 88
Trd, 259091.483, 101
Trd, 259091.733, 101
Trd, 259091.950, 102
Trd, 259092.100, 103
Trd, 259092.567, 95
Trd, 259092.617, 87
Trd, 259092.700, 83
Trd, 259093.467, 89
Trd, 259094.100, 92
Trd, 259094.317, 93
Trd, 259094.767, 101
Trd, 259095.033, 109
Trd, 259095.400, 92
Trd, 259095.817, 101
Trd, 259096.117, 105
Trd, 259096.250, 104
Trd, 259096.283, 87
Trd, 259096.350, 83
Trd, 259096.700, 87
Trd, 259098.067, 91
Trd, 259098.283, 93
Trd, 259098.500, 79
Trd, 259099.150, 87
Trd, 259099.217, 88
Trd, 259099.233, 108
Trd, 259101.533, 100
Trd, 259102.033, 98
Trd, 259102.283, 99
Trd, 259102.333, 96
Trd, 259103.283, 97
Trd, 259103.350, 95
Trd, 259103.417, 94
Trd, 259103.817, 104
Trd, 259104.167, 85
Trd, 259104.483, 109
Trd, 259104.583, 82
Trd, 259104.750, 113
Trd, 259104.950, 104
Trd, 259105.983, 109
Trd, 259106.233, 80
Trd, 259106.300, 81
Trd, 259106.933, 103
Trd, 259107.300, 101
Trd, 259107.350, 95
Trd, 259107.717, 95
Trd, 259108.000, 92
Trd, 259108.150, 98
Trd, 259108.450, 83
Trd, 259108.483, 76
Trd, 259109.900, 99
Trd, 259110.250, 102
Trd, 259110.267, 96
Trd, 259111.167, 86
Trd, 259111.400, 102
Trd, 259111.483, 103
Trd, 259112.050, 99
Trd, 259112.883, 101
Trd, 259112.917, 100
Trd, 259113.783, 99
Trd, 259114.550, 101
Trd, 259114.800, 95
Trd, 259115.283, 84
Trd, 259115.467, 83
Trd, 259115.500, 82
Trd, 259115.917, 92
Trd, 259116.050, 97
Trd, 259116.150, 99
Trd, 259116.433, 103
Trd, 259116.850, 85
Trd, 259117.383, 107
Trd, 259118.350, 106
Trd, 259118.600, 100
Trd, 259118.733, 87
Trd, 259119.000, 95
Trd, 259119.217, 107
Trd, 259120.417, 101
Trd, 259120.767, 100
Trd, 259121.083, 93
Trd, 259121.450, 106
Trd, 259121.600, 107
Trd, 259121.917, 93
Trd, 259122.133, 92
Trd, 259122.350, 87
Trd, 259122.950, 108
Trd, 259123.050, 109
Trd, 259123.267, 86
Trd, 259123.533, 112
Trd, 259124.717, 104
Trd, 259124.783, 107
Trd, 259124.883, 100
Trd, 259126.067, 101
Trd, 259127.083, 110
Trd, 259127.333, 106
Trd, 259127.467, 101
Trd, 259127.933, 96
Trd, 259128.100, 95
Trd, 259128.133, 109
Trd, 259128.350, 111
Trd, 259129.050, 102
Trd, 259129.183, 95
Trd, 259129.783, 92
Trd, 259130.250, 91
Trd, 259130.500, 91
Trd, 259130.767, 89
Trd, 259131.567, 94
Trd, 259131.650, 87
Trd, 259133.033, 101
Trd, 259133.300, 90
Trd, 259133.333, 101
Trd, 259134.217, 99
Trd, 259134.300, 98
Trd, 259134.617, 100
Trd, 259134.750, 109
Trd, 259135.017, 98
Trd, 259135.083, 113
Trd, 259135.433, 101
Trd, 259135.567, 97
Trd, 259135.717, 99
Trd, 259135.967, 103
Trd, 259136.017, 95
Trd, 259136.683, 87
Trd, 259137.150, 82
Trd, 259137.500, 91
Trd, 259137.750, 84
Trd, 259138.300, 90
Trd, 259138.400, 106
Trd, 259139.100, 86
Trd, 259139.117, 87
Trd, 259140.100, 98
Trd, 259140.433, 103
Trd, 259140.567, 102
Trd, 259141.333, 102
Trd, 259141.750, 101
Trd, 259142.183, 102
Trd, 259143.583, 102
Trd, 259144.117, 97
Trd, 259144.400, 90
Trd, 259144.450, 98
Trd, 259144.583, 87
Trd, 259144.650, 104
Trd, 259144.767, 113
Trd, 259144.850, 85
Trd, 259145.083, 87
Trd, 259145.483, 130
Trd, 259145.517, 100
Trd, 259145.767, 104
Trd, 259146.517, 97
Trd, 259147.167, 95
Trd, 259147.333, 88
Trd, 259147.800, 95
Trd, 259148.417, 96
Trd, 259148.450, 102
Trd, 259148.500, 76
Trd, 259148.667, 75
Trd, 259149.517, 80
Trd, 259150.333, 106
Trd, 259151.750, 104
Trd, 259152.167, 100
Trd, 259152.317, 96
Trd, 259153.300, 95
Trd, 259153.650, 99
Trd, 259154.217, 87
Trd, 259154.717, 102
Trd, 259154.783, 100
Trd, 259154.867, 96
Trd, 259154.883, 103
Trd, 259155.033, 106
Trd, 259155.583, 85
Trd, 259155.617, 83
Trd, 259155.683, 87
Trd, 259156.417, 77
Trd, 259156.750, 92
Trd, 259157.633, 99
Trd, 259157.667, 93
Trd, 259158.767, 100
Trd, 259158.867, 95
Trd, 259159.467, 99
Trd, 259159.550, 88
Trd, 259159.583, 101
Trd, 259159.933, 104
Trd, 259160.017, 87
Trd, 259160.883, 90
Trd, 259160.933, 85
Trd, 259161.933, 103
Trd, 259163.150, 100
Trd, 259163.583, 111
Trd, 259164.633, 87
Trd, 259164.733, 106
Trd, 259164.917, 90
Trd, 259165.683, 107
Trd, 259165.750, 109
Trd, 259166.050, 105
Trd, 259166.100, 101
Trd, 259166.150, 102
Trd, 259166.183, 94
Trd, 259166.333, 112
Trd, 259166.633, 96
Trd, 259167.150, 82
Trd, 259168.150, 95
Trd, 259168.283, 102
Trd, 259168.750, 87
Trd, 259168.967, 79
Trd, 259169.233, 77
Trd, 259169.783, 94
Trd, 259169.883, 103
Trd, 259169.933, 83
Trd, 259170.233, 104
Trd, 259170.283, 109
Trd, 259171.117, 102
Trd, 259171.217, 98
Trd, 259171.300, 87
Trd, 259171.500, 109
Trd, 259171.583, 82
Trd, 259171.950, 79
Trd, 259173.017, 80
Trd, 259173.600, 91
Trd, 259173.733, 92
Trd, 259174.350, 112
Trd, 259174.683, 89
Trd, 259175.083, 98
Trd, 259175.683, 97
Trd, 259176.533, 87
Trd, 259176.667, 103
Trd, 259176.767, 96
Trd, 259177.200, 109
Trd, 259177.533, 96
Trd, 259178.267, 95
Trd, 259179.050, 100
Trd, 259180.017, 98
Trd, 259180.133, 98
Trd, 259180.833, 97
Trd, 259180.900, 98
Trd, 259181.350, 100
Trd, 259181.450, 97
Trd, 259181.683, 104
Trd, 259182.133, 94
Trd, 259182.783, 90
Trd, 259182.867, 106
Trd, 259183.217, 108
Trd, 259183.500, 98
Trd, 259184.200, 97
Trd, 259184.300, 85
Trd, 259184.933, 103
Trd, 259185.067, 102
Trd, 259185.233, 109
Trd, 259185.767, 103
Trd, 259185.817, 101
Trd, 259186.017, 104
Trd, 259186.167, 113
Trd, 259186.200, 73
Trd, 259186.383, 78
Trd, 259186.650, 114
Trd, 259187.683, 126
Trd, 259188.033, 88
Trd, 259188.750, 104
Trd, 259189.250, 105
Trd, 259189.367, 95
Trd, 259189.400, 105
Trd, 259189.883, 87
Trd, 259190.400, 83
Trd, 259190.700, 91
Trd, 259190.833, 93
Trd, 259191.000, 82
Trd, 259191.650, 91
Trd, 259192.400, 101
Trd, 259193.167, 95
Trd, 259193.317, 88
Trd, 259193.417, 99
Trd, 259193.667, 109
Trd, 259193.817, 85
Trd, 259194.250, 99
Trd, 259194.317, 80
Trd, 259194.850, 109
Trd, 259194.950, 110
Trd, 259196.283, 87
Trd, 259196.417, 92
Trd, 259196.800, 112
Trd, 259197.033, 99
Trd, 259197.967, 108
Trd, 259198.100, 87
Trd, 259198.700, 88
Trd, 259198.733, 84
Trd, 259199.533, 87
