Trd, 258511.400, 108
Trd, 258511.717, 121
Trd, 258512.200, 107
Trd, 258513.383, 114
Trd, 258513.550, 107
Trd, 258514.417, 106
Trd, 258514.750, 95
Trd, 258515.333, 96
Trd, 258515.700, 99
Trd, 258515.717, 100
Trd, 258515.867, 98
Trd, 258516.200, 98
Trd, 258516.283, 97
Trd, 258516.550, 97
Trd, 258516.817, 97
Trd, 258516.950, 98
Trd, 258517.250, 110
Trd, 258518.167, 111
Trd, 258518.383, 96
Trd, 258518.833, 95
Trd, 258519.733, 111
Trd, 258520.467, 108
Trd, 258520.567, 109
Trd, 258520.817, 111
Trd, 258521.233, 112
Trd, 258521.383, 116
Trd, 258521.767, 109
Trd, 258522.217, 106
Trd, 258522.333, 113
Trd, 258522.417, 98
Trd, 258522.533, 93
Trd, 258523.117, 108
Trd, 258523.383, 108
Trd, 258524.617, 107
Trd, 258525.050, 108
Trd, 258525.100, 103
Trd, 258525.183, 102
Trd, 258525.567, 102
Trd, 258526.183, 115
Trd, 258526.850, 112
Trd, 258527.183, 109
Trd, 258527.667, 109
Trd, 258528.133, 110
Trd, 258529.217, 109
Trd, 258529.533, 104
Trd, 258529.583, 103
Trd, 258529.983, 109
Trd, 258530.033, 111
Trd, 258530.100, 99
Trd, 258530.633, 117
Trd, 258530.717, 100
Trd, 258531.167, 112
Trd, 258531.617, 122
Trd, 258532.333, 103
Trd, 258532.367, 102
Trd, 258533.183, 113
Trd, 258533.567, 109
Trd, 258533.650, 113
Trd, 258533.917, 107
Trd, 258534.133, 111
Trd, 258534.983, 106
Trd, 258535.167, 109
Trd, 258535.683, 104
Trd, 258536.317, 100
Trd, 258537.700, 104
Trd, 258538.550, 104
Trd, 258538.600, 105
Trd, 258538.617, 103
Trd, 258538.700, 103
Trd, 258538.967, 106
Trd, 258539.200, 107
Trd, 258539.583, 105
Trd, 258539.817, 104
Trd, 258539.900, 108
Trd, 258539.983, 109
Trd, 258540.633, 116
Trd, 258540.800, 109
Trd, 258541.967, 98
Trd, 258542.867, 109
Trd, 258543.000, 108
Trd, 258543.983, 109
Trd, 258544.250, 111
Trd, 258544.350, 112
Trd, 258544.717, 113
Trd, 258544.950, 108
Trd, 258545.950, 111
Trd, 258546.483, 112
Trd, 258546.683, 111
Trd, 258547.033, 108
Trd, 258547.667, 106
Trd, 258547.950, 105
Trd, 258548.283, 106
Trd, 258548.350, 106
Trd, 258548.867, 104
Trd, 258548.967, 100
Trd, 258549.583, 105
Trd, 258550.967, 104
Trd, 258550.983, 103
Trd, 258551.150, 100
Trd, 258551.250, 95
Trd, 258551.267, 105
Trd, 258551.550, 93
Trd, 258551.883, 106
Trd, 258552.033, 92
Trd, 258552.167, 109
Trd, 258552.617, 109
Trd, 258553.067, 95
Trd, 258553.400, 95
Trd, 258553.633, 95
Trd, 258553.717, 94
Trd, 258553.950, 101
Trd, 258554.817, 108
Trd, 258554.833, 93
Trd, 258555.450, 95
Trd, 258555.567, 102
Trd, 258555.750, 95
Trd, 258556.200, 100
Trd, 258556.500, 102
Trd, 258556.967, 103
Trd, 258557.000, 102
Trd, 258558.267, 102
Trd, 258558.833, 103
Trd, 258559.717, 98
Trd, 258559.767, 97
Trd, 258560.083, 97
Trd, 258560.233, 97
Trd, 258561.317, 97
Trd, 258561.467, 98
Trd, 258561.483, 95
Trd, 258561.600, 101
Trd, 258561.650, 93
Trd, 258561.833, 109
Trd, 258562.917, 95
Trd, 258563.250, 112
Trd, 258563.533, 115
Trd, 258564.067, 122
Trd, 258564.600, 111
Trd, 258564.750, 110
Trd, 258564.933, 119
Trd, 258565.150, 109
Trd, 258565.167, 119
Trd, 258565.283, 119
Trd, 258565.817, 98
Trd, 258565.900, 93
Trd, 258566.900, 112
Trd, 258567.250, 98
Trd, 258568.400, 105
Trd, 258568.467, 104
Trd, 258569.200, 103
Trd, 258569.450, 102
Trd, 258569.600, 105
Trd, 258569.817, 106
Trd, 258570.383, 109
Trd, 258570.567, 118
Trd, 258570.850, 122
Trd, 258571.267, 112
Trd, 258571.567, 104
Trd, 258572.850, 112
Trd, 258573.000, 113
Trd, 258573.150, 108
Trd, 258573.533, 109
Trd, 258573.567, 112
Trd, 258574.033, 112
Trd, 258574.917, 108
Trd, 258575.867, 107
Trd, 258575.900, 106
Trd, 258576.233, 104
Trd, 258576.383, 106
Trd, 258576.867, 106
Trd, 258576.967, 107
Trd, 258577.433, 106
Trd, 258578.350, 98
Trd, 258578.733, 103
Trd, 258578.967, 104
Trd, 258579.100, 98
Trd, 258579.967, 99
Trd, 258580.717, 98
Trd, 258580.917, 100
Trd, 258580.933, 94
Trd, 258581.233, 100
Trd, 258581.267, 101
Trd, 258581.650, 94
Trd, 258582.233, 100
Trd, 258582.517, 101
Trd, 258582.833, 100
Trd, 258582.950, 101
Trd, 258582.983, 102
Trd, 258583.300, 98
Trd, 258583.483, 99
Trd, 258585.083, 107
Trd, 258585.850, 105
Trd, 258586.183, 105
Trd, 258586.350, 104
Trd, 258586.583, 99
Trd, 258586.833, 95
Trd, 258587.900, 102
Trd, 258588.050, 98
Trd, 258588.100, 94
Trd, 258588.683, 109
Trd, 258589.050, 94
Trd, 258589.417, 116
Trd, 258589.867, 109
Trd, 258590.233, 116
Trd, 258590.250, 101
Trd, 258591.083, 95
Trd, 258591.567, 115
Trd, 258592.017, 97
Trd, 258593.267, 114
Trd, 258593.950, 114
Trd, 258594.567, 112
Trd, 258595.417, 108
Trd, 258595.567, 110
Trd, 258595.900, 109
Trd, 258596.150, 110
Trd, 258596.300, 109
Trd, 258596.317, 116
Trd, 258596.533, 120
Trd, 258597.083, 109
Trd, 258597.117, 106
Trd, 258597.433, 104
Trd, 258598.483, 104
Trd, 258598.883, 112
Trd, 258599.033, 113
Trd, 258599.767, 113
Trd, 258600.050, 113
Trd, 258600.083, 120
Trd, 258601.083, 110
Trd, 258601.267, 108
Trd, 258602.100, 107
Trd, 258602.267, 108
Trd, 258602.400, 109
Trd, 258602.417, 108
Trd, 258603.317, 107
Trd, 258604.283, 109
Trd, 258604.550, 108
Trd, 258604.633, 106
Trd, 258604.900, 109
Trd, 258605.083, 108
Trd, 258605.467, 104
Trd, 258607.050, 100
Trd, 258607.167, 101
Trd, 258607.400, 98
Trd, 258607.500, 98
Trd, 258607.733, 95
Trd, 258608.067, 95
Trd, 258608.083, 97
Trd, 258608.483, 93
Trd, 258608.767, 110
Trd, 258608.867, 110
Trd, 258609.067, 110
Trd, 258609.683, 109
Trd, 258609.750, 110
Trd, 258610.083, 108
Trd, 258610.133, 107
Trd, 258610.450, 106
Trd, 258611.000, 115
Trd, 258611.517, 115
Trd, 258612.933, 105
Trd, 258613.000, 104
Trd, 258613.667, 105
Trd, 258613.783, 100
Trd, 258613.867, 99
Trd, 258613.933, 98
Trd, 258615.183, 99
Trd, 258615.533, 97
Trd, 258615.717, 100
Trd, 258616.033, 100
Trd, 258616.667, 99
Trd, 258617.333, 99
Trd, 258617.417, 101
Trd, 258617.567, 98
Trd, 258618.033, 103
Trd, 258618.350, 99
Trd, 258619.083, 101
Trd, 258619.417, 102
Trd, 258619.500, 98
Trd, 258619.667, 103
Trd, 258620.317, 95
Trd, 258620.700, 95
Trd, 258621.583, 100
Trd, 258621.950, 115
Trd, 258622.583, 126
Trd, 258622.633, 101
Trd, 258622.650, 128
Trd, 258623.133, 103
Trd, 258623.800, 111
Trd, 258624.550, 110
Trd, 258624.717, 98
Trd, 258625.417, 111
Trd, 258625.733, 112
Trd, 258626.050, 104
Trd, 258626.300, 115
Trd, 258626.583, 105
Trd, 258627.283, 106
Trd, 258627.533, 109
Trd, 258627.833, 105
Trd, 258627.950, 109
Trd, 258628.133, 110
Trd, 258628.350, 98
Trd, 258628.917, 108
Trd, 258630.383, 102
Trd, 258630.667, 104
Trd, 258630.917, 100
Trd, 258631.517, 103
Trd, 258631.933, 103
Trd, 258632.333, 104
Trd, 258633.017, 100
Trd, 258633.217, 99
Trd, 258633.317, 98
Trd, 258633.683, 95
Trd, 258633.800, 98
Trd, 258634.200, 97
Trd, 258634.933, 95
Trd, 258635.367, 96
Trd, 258635.733, 97
Trd, 258636.233, 98
Trd, 258636.550, 101
Trd, 258636.817, 98
Trd, 258637.167, 97
Trd, 258637.200, 96
Trd, 258637.833, 97
Trd, 258637.950, 98
Trd, 258638.017, 97
Trd, 258638.083, 100
Trd, 258638.150, 96
Trd, 258638.550, 95
Trd, 258638.750, 109
Trd, 258639.150, 106
Trd, 258639.483, 107
Trd, 258639.633, 109
Trd, 258639.650, 125
Trd, 258641.083, 99
Trd, 258641.117, 104
Trd, 258641.150, 98
Trd, 258643.117, 114
Trd, 258643.433, 113
Trd, 258643.900, 114
Trd, 258644.183, 112
Trd, 258644.317, 109
Trd, 258645.133, 108
Trd, 258645.317, 112
Trd, 258646.217, 110
Trd, 258646.450, 108
Trd, 258646.550, 107
Trd, 258646.833, 107
Trd, 258647.267, 107
Trd, 258647.433, 108
Trd, 258647.733, 107
Trd, 258649.133, 109
Trd, 258649.417, 105
Trd, 258649.867, 105
Trd, 258649.933, 123
Trd, 258650.233, 128
Trd, 258650.633, 101
Trd, 258651.333, 116
Trd, 258651.967, 112
Trd, 258652.117, 104
Trd, 258652.833, 112
Trd, 258653.183, 110
Trd, 258653.417, 104
Trd, 258654.467, 103
Trd, 258654.483, 100
Trd, 258654.600, 95
Trd, 258655.267, 100
Trd, 258655.617, 98
Trd, 258656.000, 98
Trd, 258656.017, 97
Trd, 258656.067, 96
Trd, 258656.083, 101
Trd, 258656.133, 102
Trd, 258656.517, 107
Trd, 258656.983, 97
Trd, 258658.167, 114
Trd, 258658.717, 111
Trd, 258659.200, 98
Trd, 258659.517, 109
Trd, 258659.917, 98
Trd, 258660.117, 107
Trd, 258660.250, 107
Trd, 258660.400, 106
Trd, 258661.667, 103
Trd, 258662.267, 105
Trd, 258662.667, 108
Trd, 258663.200, 105
Trd, 258663.717, 105
Trd, 258664.167, 109
Trd, 258664.250, 107
Trd, 258664.417, 107
Trd, 258664.467, 104
Trd, 258665.300, 105
Trd, 258665.383, 104
Trd, 258665.867, 105
Trd, 258665.950, 105
Trd, 258667.017, 94
Trd, 258667.150, 98
Trd, 258667.600, 94
Trd, 258668.400, 98
Trd, 258668.483, 102
Trd, 258668.667, 105
Trd, 258668.683, 109
Trd, 258668.767, 95
Trd, 258669.050, 94
Trd, 258669.817, 111
Trd, 258670.050, 96
Trd, 258670.317, 98
Trd, 258670.517, 110
Trd, 258671.000, 97
Trd, 258671.317, 103
Trd, 258671.733, 99
Trd, 258671.783, 102
Trd, 258671.933, 99
Trd, 258672.200, 98
Trd, 258672.817, 101
Trd, 258672.833, 102
Trd, 258672.917, 103
Trd, 258673.283, 93
Trd, 258673.933, 90
Trd, 258673.983, 89
Trd, 258674.067, 91
Trd, 258674.317, 91
Trd, 258674.517, 87
Trd, 258674.683, 91
Trd, 258675.217, 92
Trd, 258675.733, 86
Trd, 258677.017, 101
Trd, 258677.533, 101
Trd, 258677.567, 102
Trd, 258677.600, 99
Trd, 258677.733, 104
Trd, 258678.350, 104
Trd, 258678.683, 98
Trd, 258678.883, 109
Trd, 258679.067, 102
Trd, 258681.833, 107
Trd, 258681.850, 110
Trd, 258682.233, 106
Trd, 258682.633, 99
Trd, 258682.667, 100
Trd, 258682.733, 105
Trd, 258683.017, 105
Trd, 258683.067, 106
Trd, 258683.100, 99
Trd, 258683.800, 106
Trd, 258683.950, 107
Trd, 258684.067, 100
Trd, 258684.183, 99
Trd, 258684.767, 98
Trd, 258685.350, 118
Trd, 258685.550, 98
Trd, 258686.383, 115
Trd, 258687.167, 112
Trd, 258687.667, 110
Trd, 258687.967, 109
Trd, 258688.083, 106
Trd, 258688.450, 101
Trd, 258688.550, 100
Trd, 258688.933, 98
Trd, 258689.367, 106
Trd, 258689.400, 107
Trd, 258690.333, 107
Trd, 258691.317, 106
Trd, 258691.767, 105
Trd, 258691.883, 107
Trd, 258691.983, 104
Trd, 258692.000, 109
Trd, 258692.017, 102
Trd, 258692.467, 118
Trd, 258692.833, 103
Trd, 258692.917, 115
Trd, 258693.400, 103
Trd, 258693.650, 102
Trd, 258695.717, 114
Trd, 258695.733, 110
Trd, 258696.317, 108
Trd, 258696.717, 118
Trd, 258696.767, 119
Trd, 258697.317, 126
Trd, 258697.817, 125
Trd, 258698.233, 111
Trd, 258698.917, 119
Trd, 258699.317, 106
Trd, 258699.667, 105
Trd, 258699.850, 113
Trd, 258699.900, 104
Trd, 258700.033, 98
Trd, 258700.417, 109
Trd, 258701.350, 107
Trd, 258701.583, 108
Trd, 258702.000, 107
Trd, 258702.750, 106
Trd, 258702.900, 106
Trd, 258703.417, 105
Trd, 258703.733, 104
Trd, 258704.400, 108
Trd, 258704.833, 108
Trd, 258704.850, 106
Trd, 258704.917, 109
Trd, 258705.933, 102
Trd, 258705.983, 112
Trd, 258706.150, 101
Trd, 258707.183, 114
Trd, 258707.317, 112
Trd, 258707.850, 112
Trd, 258707.900, 112
Trd, 258708.533, 109
Trd, 258708.883, 108
Trd, 258709.183, 109
Trd, 258709.400, 107
Trd, 258711.133, 110
Trd, 258711.233, 111
Trd, 258711.283, 109
Trd, 258711.300, 106
Trd, 258711.783, 104
Trd, 258712.150, 99
Trd, 258712.233, 111
Trd, 258712.917, 110
Trd, 258713.150, 109
Trd, 258713.450, 96
Trd, 258713.500, 110
Trd, 258714.867, 101
Trd, 258715.267, 102
Trd, 258715.783, 103
Trd, 258716.800, 101
Trd, 258717.167, 100
Trd, 258717.800, 95
Trd, 258717.900, 94
Trd, 258718.000, 93
Trd, 258718.200, 98
Trd, 258718.317, 90
Trd, 258719.300, 94
Trd, 258719.533, 95
Trd, 258720.083, 96
Trd, 258720.533, 96
Trd, 258720.900, 97
Trd, 258720.933, 95
Trd, 258721.283, 98
Trd, 258721.400, 98
Trd, 258721.450, 94
Trd, 258721.617, 100
Trd, 258721.667, 101
Trd, 258722.367, 99
Trd, 258723.133, 120
Trd, 258723.383, 111
Trd, 258724.200, 109
Trd, 258724.850, 110
Trd, 258724.933, 104
Trd, 258724.950, 111
Trd, 258725.700, 106
Trd, 258725.833, 107
Trd, 258725.983, 99
Trd, 258726.017, 98
Trd, 258727.333, 100
Trd, 258728.117, 97
Trd, 258728.500, 99
Trd, 258729.017, 99
Trd, 258729.483, 100
Trd, 258729.833, 101
Trd, 258730.767, 103
Trd, 258731.133, 102
Trd, 258731.217, 98
Trd, 258731.600, 106
Trd, 258731.783, 105
Trd, 258732.533, 102
Trd, 258732.867, 102
Trd, 258733.350, 101
Trd, 258733.433, 100
Trd, 258733.633, 99
Trd, 258733.767, 101
Trd, 258734.200, 101
Trd, 258734.417, 98
Trd, 258734.467, 101
Trd, 258735.283, 108
Trd, 258735.817, 102
Trd, 258736.633, 101
Trd, 258737.183, 101
Trd, 258737.233, 100
Trd, 258737.283, 104
Trd, 258737.450, 113
Trd, 258738.150, 112
Trd, 258738.267, 112
Trd, 258738.583, 100
Trd, 258738.817, 99
Trd, 258739.417, 98
Trd, 258739.783, 98
Trd, 258740.067, 97
Trd, 258740.183, 98
Trd, 258740.700, 96
Trd, 258740.817, 100
Trd, 258740.950, 95
Trd, 258741.217, 100
Trd, 258741.433, 101
Trd, 258741.733, 95
Trd, 258742.133, 101
Trd, 258742.533, 103
Trd, 258743.583, 100
Trd, 258744.033, 94
Trd, 258744.700, 98
Trd, 258744.717, 96
Trd, 258744.933, 90
Trd, 258745.517, 107
Trd, 258745.950, 86
Trd, 258746.400, 89
Trd, 258747.183, 89
Trd, 258747.283, 90
Trd, 258747.733, 89
Trd, 258748.300, 109
Trd, 258748.967, 112
Trd, 258749.833, 110
Trd, 258749.967, 109
Trd, 258750.083, 109
Trd, 258750.267, 114
Trd, 258751.300, 117
Trd, 258751.700, 112
Trd, 258752.000, 109
Trd, 258752.600, 107
Trd, 258752.800, 106
Trd, 258752.867, 105
Trd, 258753.317, 111
Trd, 258753.700, 111
Trd, 258754.133, 104
Trd, 258754.433, 99
Trd, 258754.700, 98
Trd, 258754.833, 95
Trd, 258755.217, 93
Trd, 258755.783, 88
Trd, 258755.917, 88
Trd, 258755.950, 89
Trd, 258756.033, 87
Trd, 258756.917, 85
Trd, 258757.183, 87
Trd, 258757.967, 89
Trd, 258758.100, 90
Trd, 258758.367, 94
Trd, 258758.633, 93
Trd, 258759.083, 98
Trd, 258759.250, 101
Trd, 258759.983, 106
Trd, 258760.317, 107
Trd, 258760.650, 106
Trd, 258761.583, 106
Trd, 258761.750, 107
Trd, 258761.800, 105
Trd, 258761.850, 108
Trd, 258762.050, 109
Trd, 258762.217, 112
Trd, 258763.283, 112
Trd, 258763.567, 111
Trd, 258763.667, 113
Trd, 258763.817, 105
Trd, 258764.167, 114
Trd, 258764.400, 98
Trd, 258764.617, 113
Trd, 258764.750, 96
Trd, 258764.983, 118
Trd, 258765.967, 116
Trd, 258766.533, 112
Trd, 258766.633, 104
Trd, 258767.350, 110
Trd, 258767.367, 111
Trd, 258768.067, 95
Trd, 258768.100, 94
Trd, 258768.233, 93
Trd, 258768.850, 94
Trd, 258769.517, 95
Trd, 258769.583, 96
Trd, 258769.833, 97
Trd, 258770.150, 95
Trd, 258770.267, 94
Trd, 258770.400, 97
Trd, 258770.883, 98
Trd, 258771.400, 107
Trd, 258771.700, 108
Trd, 258772.150, 109
Trd, 258772.750, 104
Trd, 258772.817, 98
Trd, 258773.383, 106
Trd, 258773.733, 96
Trd, 258773.933, 109
Trd, 258774.600, 99
Trd, 258774.800, 99
Trd, 258776.867, 110
Trd, 258777.167, 111
Trd, 258777.367, 111
Trd, 258777.433, 112
Trd, 258777.617, 108
Trd, 258778.717, 111
Trd, 258779.267, 106
Trd, 258779.550, 99
Trd, 258780.933, 105
Trd, 258781.433, 99
Trd, 258781.850, 101
Trd, 258781.983, 102
Trd, 258782.000, 103
Trd, 258782.033, 100
Trd, 258782.383, 99
Trd, 258782.600, 98
Trd, 258782.833, 105
Trd, 258783.033, 95
Trd, 258783.217, 115
Trd, 258783.683, 114
Trd, 258783.967, 115
Trd, 258784.167, 113
Trd, 258784.767, 112
Trd, 258785.467, 93
Trd, 258785.500, 120
Trd, 258787.300, 99
Trd, 258787.850, 111
Trd, 258788.233, 109
Trd, 258788.250, 102
Trd, 258788.317, 111
Trd, 258788.667, 109
Trd, 258789.167, 104
Trd, 258789.400, 104
Trd, 258789.417, 105
Trd, 258789.700, 107
Trd, 258790.233, 106
Trd, 258790.317, 106
Trd, 258790.750, 104
Trd, 258791.417, 105
Trd, 258791.433, 103
Trd, 258791.567, 109
Trd, 258791.933, 98
Trd, 258792.250, 104
Trd, 258792.400, 114
Trd, 258792.917, 95
Trd, 258793.117, 95
Trd, 258793.467, 91
Trd, 258793.767, 90
Trd, 258795.100, 100
Trd, 258795.450, 100
Trd, 258795.633, 101
Trd, 258796.417, 98
Trd, 258796.500, 98
Trd, 258796.733, 98
Trd, 258797.300, 97
Trd, 258797.383, 98
Trd, 258797.933, 99
Trd, 258797.983, 112
Trd, 258798.133, 98
Trd, 258798.333, 96
Trd, 258798.533, 116
Trd, 258798.783, 130
Trd, 258798.933, 96
Trd, 258799.200, 93
Trd, 258799.450, 128
Trd, 258800.583, 110
Trd, 258801.117, 103
Trd, 258801.133, 102
Trd, 258801.317, 113
Trd, 258802.300, 105
Trd, 258802.517, 104
Trd, 258802.917, 95
Trd, 258803.433, 96
Trd, 258803.450, 94
Trd, 258803.667, 96
Trd, 258803.917, 96
Trd, 258804.567, 93
Trd, 258804.983, 90
Trd, 258805.033, 90
Trd, 258805.267, 89
Trd, 258805.367, 94
Trd, 258805.733, 84
Trd, 258806.617, 96
Trd, 258806.867, 97
Trd, 258807.133, 95
Trd, 258807.950, 99
Trd, 258808.500, 108
Trd, 258809.000, 108
Trd, 258809.300, 109
Trd, 258809.900, 115
Trd, 258809.950, 104
Trd, 258810.017, 120
Trd, 258810.233, 102
Trd, 258810.300, 108
Trd, 258811.200, 100
Trd, 258811.700, 113
Trd, 258811.900, 100
Trd, 258812.517, 97
Trd, 258812.683, 95
Trd, 258813.650, 107
Trd, 258814.050, 106
Trd, 258814.550, 105
Trd, 258814.617, 105
Trd, 258815.167, 101
Trd, 258815.250, 103
Trd, 258815.633, 102
Trd, 258815.733, 101
Trd, 258816.050, 102
Trd, 258816.283, 102
Trd, 258816.600, 101
Trd, 258817.000, 100
Trd, 258817.083, 99
Trd, 258817.683, 100
Trd, 258817.717, 99
Trd, 258818.533, 108
Trd, 258819.167, 102
Trd, 258819.433, 109
Trd, 258819.467, 116
Trd, 258820.083, 111
Trd, 258820.800, 115
Trd, 258820.900, 118
Trd, 258820.967, 114
Trd, 258821.500, 117
Trd, 258821.550, 117
Trd, 258822.383, 112
Trd, 258822.800, 113
Trd, 258823.150, 113
Trd, 258823.300, 111
Trd, 258824.067, 109
Trd, 258824.167, 106
Trd, 258824.617, 101
Trd, 258825.367, 100
Trd, 258825.583, 99
Trd, 258825.817, 98
Trd, 258826.467, 99
Trd, 258826.533, 100
Trd, 258827.183, 98
Trd, 258827.333, 98
Trd, 258827.383, 101
Trd, 258827.450, 101
Trd, 258828.067, 93
Trd, 258828.733, 112
Trd, 258828.783, 94
Trd, 258829.650, 96
Trd, 258829.967, 93
Trd, 258830.333, 93
Trd, 258830.933, 112
Trd, 258831.267, 113
Trd, 258831.650, 111
Trd, 258831.983, 120
Trd, 258832.050, 105
Trd, 258832.483, 100
Trd, 258833.533, 98
Trd, 258833.600, 93
Trd, 258833.717, 106
Trd, 258834.217, 93
Trd, 258834.383, 93
Trd, 258834.517, 92
Trd, 258834.783, 103
Trd, 258835.633, 101
Trd, 258835.900, 99
Trd, 258835.983, 100
Trd, 258836.367, 97
Trd, 258836.900, 100
Trd, 258837.383, 96
Trd, 258838.183, 99
Trd, 258838.800, 98
Trd, 258839.117, 100
Trd, 258839.367, 99
Trd, 258839.417, 98
Trd, 258839.700, 101
Trd, 258840.217, 94
Trd, 258841.383, 94
Trd, 258842.767, 102
Trd, 258843.017, 102
Trd, 258843.050, 103
Trd, 258843.083, 104
Trd, 258843.233, 101
Trd, 258843.550, 101
Trd, 258843.900, 108
Trd, 258844.217, 96
Trd, 258844.317, 108
Trd, 258845.100, 109
Trd, 258845.517, 111
Trd, 258845.733, 107
Trd, 258845.950, 106
Trd, 258846.000, 98
Trd, 258846.283, 114
Trd, 258847.233, 104
Trd, 258847.517, 103
Trd, 258847.583, 111
Trd, 258847.733, 110
Trd, 258848.000, 99
Trd, 258848.550, 98
Trd, 258849.300, 95
Trd, 258849.633, 101
Trd, 258850.083, 91
Trd, 258850.200, 94
Trd, 258850.367, 91
Trd, 258850.717, 91
Trd, 258850.783, 94
Trd, 258851.383, 96
Trd, 258851.683, 97
Trd, 258851.883, 96
Trd, 258852.117, 96
Trd, 258852.383, 98
Trd, 258853.667, 110
Trd, 258853.817, 100
Trd, 258854.283, 106
Trd, 258855.083, 101
Trd, 258855.317, 104
Trd, 258855.633, 106
Trd, 258855.833, 105
Trd, 258855.900, 109
Trd, 258856.367, 112
Trd, 258856.733, 111
Trd, 258856.850, 113
Trd, 258857.100, 108
Trd, 258857.650, 97
Trd, 258857.767, 97
Trd, 258858.333, 96
Trd, 258858.917, 99
Trd, 258859.317, 98
Trd, 258859.400, 97
Trd, 258859.950, 96
Trd, 258860.117, 96
Trd, 258860.800, 101
Trd, 258861.117, 112
Trd, 258861.767, 101
Trd, 258861.800, 97
Trd, 258862.067, 99
Trd, 258863.533, 105
Trd, 258863.583, 106
Trd, 258863.650, 106
Trd, 258864.150, 104
Trd, 258864.183, 105
Trd, 258864.283, 103
Trd, 258864.317, 107
Trd, 258864.850, 109
Trd, 258866.367, 97
Trd, 258866.883, 98
Trd, 258866.967, 100
Trd, 258867.400, 99
Trd, 258867.767, 103
Trd, 258867.917, 98
Trd, 258868.067, 104
Trd, 258868.650, 103
Trd, 258868.900, 109
Trd, 258869.100, 101
Trd, 258870.067, 96
Trd, 258870.250, 106
Trd, 258870.550, 96
Trd, 258870.783, 106
Trd, 258871.083, 106
Trd, 258871.950, 99
Trd, 258872.000, 96
Trd, 258872.133, 102
Trd, 258872.533, 103
Trd, 258872.633, 104
Trd, 258873.400, 104
Trd, 258873.550, 99
Trd, 258874.150, 106
Trd, 258874.567, 107
Trd, 258875.033, 107
Trd, 258875.383, 100
Trd, 258875.933, 98
Trd, 258876.200, 105
Trd, 258876.667, 105
Trd, 258877.183, 96
Trd, 258877.400, 107
Trd, 258877.450, 95
Trd, 258878.217, 96
Trd, 258878.367, 108
Trd, 258878.717, 96
Trd, 258879.833, 98
Trd, 258880.150, 99
Trd, 258880.700, 97
Trd, 258881.300, 94
Trd, 258881.483, 94
Trd, 258881.517, 97
Trd, 258881.567, 93
Trd, 258881.667, 101
Trd, 258882.017, 95
Trd, 258882.417, 99
Trd, 258883.350, 96
Trd, 258883.483, 99
Trd, 258884.017, 99
Trd, 258884.700, 99
Trd, 258884.750, 101
Trd, 258885.967, 105
Trd, 258886.100, 104
Trd, 258886.183, 103
Trd, 258886.833, 109
Trd, 258887.283, 108
Trd, 258888.000, 106
Trd, 258888.133, 108
Trd, 258888.633, 105
Trd, 258889.300, 104
Trd, 258889.483, 105
Trd, 258889.767, 104
Trd, 258890.000, 104
Trd, 258890.283, 105
Trd, 258890.383, 104
Trd, 258890.767, 105
Trd, 258891.150, 102
Trd, 258891.450, 100
Trd, 258891.500, 105
Trd, 258891.567, 95
Trd, 258891.667, 106
Trd, 258893.067, 108
Trd, 258893.483, 108
Trd, 258893.967, 109
Trd, 258894.217, 111
Trd, 258896.417, 109
Trd, 258896.633, 109
Trd, 258896.650, 106
Trd, 258897.117, 104
Trd, 258897.183, 98
Trd, 258897.967, 105
Trd, 258897.983, 111
Trd, 258898.033, 112
Trd, 258898.383, 110
Trd, 258899.317, 109
Trd, 258899.833, 107
Trd, 258900.000, 108
Trd, 258900.117, 110
Trd, 258900.900, 115
Trd, 258901.333, 110
Trd, 258901.833, 109
Trd, 258902.450, 111
Trd, 258902.717, 108
Trd, 258902.733, 112
Trd, 258903.317, 114
Trd, 258903.467, 115
Trd, 258903.767, 129
Trd, 258904.950, 110
Trd, 258905.167, 113
Trd, 258905.217, 106
Trd, 258905.467, 104
Trd, 258905.717, 118
Trd, 258906.667, 96
Trd, 258906.783, 95
Trd, 258907.067, 95
Trd, 258907.250, 106
Trd, 258907.383, 95
Trd, 258908.700, 99
Trd, 258908.933, 109
Trd, 258908.950, 110
Trd, 258909.617, 98
Trd, 258909.900, 97
Trd, 258910.367, 103
Trd, 258910.567, 104
Trd, 258910.600, 99
Trd, 258910.683, 104
Trd, 258911.117, 103
Trd, 258912.400, 113
Trd, 258912.617, 109
Trd, 258913.483, 107
Trd, 258913.600, 105
Trd, 258913.633, 111
Trd, 258914.283, 109
Trd, 258914.417, 108
Trd, 258914.667, 107
Trd, 258914.683, 108
Trd, 258914.917, 106
Trd, 258915.100, 107
Trd, 258915.600, 99
Trd, 258917.233, 103
Trd, 258917.967, 110
Trd, 258918.017, 111
Trd, 258918.267, 112
Trd, 258918.717, 105
Trd, 258918.750, 103
Trd, 258918.817, 109
Trd, 258919.167, 102
Trd, 258919.500, 106
Trd, 258919.817, 99
Trd, 258920.367, 105
Trd, 258920.433, 102
Trd, 258920.567, 107
Trd, 258921.450, 103
Trd, 258921.783, 104
Trd, 258922.333, 116
Trd, 258922.867, 108
Trd, 258923.217, 108
Trd, 258923.550, 111
Trd, 258923.817, 119
Trd, 258924.217, 114
Trd, 258924.400, 112
Trd, 258925.167, 110
Trd, 258925.200, 111
Trd, 258926.283, 108
Trd, 258926.600, 108
Trd, 258926.817, 104
Trd, 258927.183, 103
Trd, 258927.283, 103
Trd, 258927.717, 106
Trd, 258928.083, 99
Trd, 258928.350, 106
Trd, 258928.383, 107
Trd, 258928.883, 109
Trd, 258929.317, 103
Trd, 258929.767, 106
Trd, 258930.133, 104
Trd, 258930.383, 95
Trd, 258930.600, 102
Trd, 258930.650, 103
Trd, 258930.733, 105
Trd, 258930.900, 115
Trd, 258932.267, 98
Trd, 258932.983, 99
Trd, 258933.667, 96
Trd, 258933.833, 96
Trd, 258933.950, 98
Trd, 258934.267, 97
Trd, 258934.333, 95
Trd, 258934.650, 98
Trd, 258935.067, 109
Trd, 258935.217, 94
Trd, 258935.983, 114
Trd, 258937.083, 102
Trd, 258937.467, 110
Trd, 258938.000, 106
Trd, 258938.433, 110
Trd, 258939.000, 109
Trd, 258939.067, 109
Trd, 258939.417, 107
Trd, 258939.583, 108
Trd, 258939.800, 107
Trd, 258940.133, 109
Trd, 258940.367, 107
Trd, 258941.567, 108
Trd, 258941.650, 109
Trd, 258941.667, 106
Trd, 258942.633, 106
Trd, 258942.900, 106
Trd, 258943.183, 108
Trd, 258943.467, 104
Trd, 258944.083, 108
Trd, 258944.300, 113
Trd, 258944.617, 114
Trd, 258944.783, 101
Trd, 258945.667, 104
Trd, 258945.783, 104
Trd, 258946.150, 111
Trd, 258946.900, 107
Trd, 258946.950, 104
Trd, 258947.000, 101
Trd, 258947.750, 106
Trd, 258948.017, 107
Trd, 258948.050, 102
Trd, 258948.467, 110
Trd, 258948.600, 100
Trd, 258948.817, 99
Trd, 258948.833, 109
Trd, 258949.333, 95
Trd, 258950.183, 109
Trd, 258950.517, 106
Trd, 258950.667, 106
Trd, 258951.450, 105
Trd, 258951.550, 104
Trd, 258952.133, 98
Trd, 258952.433, 104
Trd, 258952.933, 104
Trd, 258953.050, 96
Trd, 258953.133, 94
Trd, 258953.867, 95
Trd, 258954.667, 99
Trd, 258954.717, 93
Trd, 258956.400, 96
Trd, 258956.717, 93
Trd, 258956.767, 91
Trd, 258956.783, 94
Trd, 258956.933, 96
Trd, 258957.383, 98
Trd, 258957.417, 97
Trd, 258957.900, 95
Trd, 258958.133, 97
Trd, 258958.300, 94
Trd, 258958.933, 97
Trd, 258959.117, 98
Trd, 258959.317, 101
Trd, 258959.683, 97
Trd, 258959.883, 98
Trd, 258961.383, 101
Trd, 258961.817, 104
Trd, 258962.000, 105
Trd, 258962.350, 105
Trd, 258962.767, 106
Trd, 258962.867, 105
Trd, 258963.283, 109
Trd, 258963.350, 104
Trd, 258963.683, 113
Trd, 258963.733, 115
Trd, 258963.967, 109
Trd, 258964.167, 101
Trd, 258964.533, 98
Trd, 258965.017, 99
Trd, 258965.550, 114
Trd, 258966.933, 104
Trd, 258967.100, 104
Trd, 258967.300, 103
Trd, 258967.317, 104
Trd, 258967.583, 102
Trd, 258967.633, 101
Trd, 258968.633, 119
Trd, 258969.617, 113
Trd, 258969.900, 112
Trd, 258969.983, 115
Trd, 258970.617, 106
Trd, 258972.333, 107
Trd, 258972.650, 108
Trd, 258972.850, 109
Trd, 258973.217, 112
Trd, 258973.533, 106
Trd, 258973.883, 110
Trd, 258974.283, 104
Trd, 258974.383, 107
Trd, 258974.483, 109
Trd, 258974.533, 113
Trd, 258974.717, 99
Trd, 258975.117, 111
Trd, 258975.167, 110
Trd, 258976.067, 112
Trd, 258976.650, 98
Trd, 258977.267, 106
Trd, 258977.700, 98
Trd, 258977.933, 108
Trd, 258978.900, 103
Trd, 258979.000, 102
Trd, 258979.150, 100
Trd, 258979.250, 104
Trd, 258979.317, 106
Trd, 258979.517, 112
Trd, 258979.683, 105
Trd, 258979.883, 101
Trd, 258980.633, 111
Trd, 258981.500, 95
Trd, 258981.533, 93
Trd, 258981.650, 90
Trd, 258981.833, 97
Trd, 258982.450, 94
Trd, 258982.817, 92
Trd, 258982.967, 91
Trd, 258983.233, 104
Trd, 258983.267, 108
Trd, 258983.850, 106
Trd, 258984.133, 108
Trd, 258985.000, 103
Trd, 258985.117, 101
Trd, 258985.533, 106
Trd, 258986.283, 104
Trd, 258986.367, 103
Trd, 258986.533, 101
Trd, 258986.817, 106
Trd, 258987.333, 103
Trd, 258987.567, 103
Trd, 258987.733, 96
Trd, 258987.750, 94
Trd, 258988.683, 102
Trd, 258988.750, 103
Trd, 258989.633, 107
Trd, 258989.717, 108
Trd, 258989.733, 97
Trd, 258990.533, 124
Trd, 258991.283, 105
Trd, 258991.683, 104
Trd, 258992.150, 101
Trd, 258992.400, 97
Trd, 258992.633, 108
Trd, 258992.817, 108
Trd, 258993.700, 99
Trd, 258994.017, 101
Trd, 258994.100, 101
Trd, 258994.300, 102
Trd, 258994.433, 103
Trd, 258994.600, 98
Trd, 258995.183, 109
Trd, 258995.217, 96
Trd, 258995.267, 117
Trd, 258995.600, 95
Trd, 258996.917, 93
Trd, 258998.400, 111
Trd, 258998.633, 111
Trd, 258999.350, 110
Trd, 258999.367, 111
Trd, 258999.417, 108
Trd, 258999.467, 106
Trd, 258999.933, 112
Trd, 259000.233, 106
Trd, 259000.433, 104
Trd, 259000.517, 98
Trd, 259000.917, 98
Trd, 259001.333, 109
Trd, 259001.567, 95
Trd, 259002.217, 91
Trd, 259002.517, 94
Trd, 259002.617, 98
Trd, 259002.917, 104
Trd, 259003.033, 105
Trd, 259003.333, 92
Trd, 259003.517, 111
Trd, 259004.217, 110
Trd, 259005.117, 97
Trd, 259005.300, 105
Trd, 259006.200, 104
Trd, 259006.433, 103
Trd, 259006.717, 98
Trd, 259006.833, 105
Trd, 259007.017, 106
Trd, 259008.250, 105
Trd, 259009.000, 111
Trd, 259009.267, 111
Trd, 259009.650, 109
Trd, 259009.783, 109
Trd, 259009.800, 108
Trd, 259010.033, 110
Trd, 259010.217, 112
Trd, 259010.250, 104
Trd, 259011.100, 122
Trd, 259011.533, 111
Trd, 259012.150, 110
Trd, 259012.617, 112
Trd, 259013.183, 110
Trd, 259013.233, 108
Trd, 259014.133, 106
Trd, 259014.267, 104
Trd, 259014.417, 99
Trd, 259014.750, 104
Trd, 259015.283, 98
Trd, 259016.517, 100
Trd, 259016.600, 100
Trd, 259016.883, 95
Trd, 259017.083, 100
Trd, 259017.267, 101
Trd, 259018.000, 103
Trd, 259018.167, 104
Trd, 259018.267, 109
Trd, 259018.350, 94
Trd, 259018.600, 115
Trd, 259018.817, 100
Trd, 259019.050, 98
Trd, 259019.217, 93
Trd, 259020.467, 90
Trd, 259020.617, 91
Trd, 259021.767, 97
Trd, 259021.967, 95
Trd, 259022.067, 94
Trd, 259022.233, 90
Trd, 259022.283, 101
Trd, 259023.133, 108
Trd, 259023.383, 96
Trd, 259024.183, 109
Trd, 259025.317, 105
Trd, 259025.750, 104
Trd, 259026.267, 109
Trd, 259027.850, 105
Trd, 259027.867, 108
Trd, 259027.883, 110
Trd, 259027.933, 128
Trd, 259027.983, 101
Trd, 259028.750, 108
Trd, 259028.850, 115
Trd, 259029.033, 103
Trd, 259030.433, 113
Trd, 259030.767, 112
Trd, 259030.833, 106
Trd, 259031.133, 103
Trd, 259031.550, 108
Trd, 259031.917, 101
Trd, 259032.233, 104
Trd, 259032.550, 98
Trd, 259032.833, 98
Trd, 259033.583, 98
Trd, 259034.667, 99
Trd, 259034.700, 98
Trd, 259034.883, 101
Trd, 259034.900, 101
Trd, 259034.917, 102
Trd, 259035.117, 108
Trd, 259035.583, 108
Trd, 259035.683, 109
Trd, 259036.050, 120
Trd, 259037.000, 127
Trd, 259037.083, 104
Trd, 259037.500, 127
Trd, 259037.850, 127
Trd, 259038.150, 109
Trd, 259038.700, 115
Trd, 259039.750, 116
Trd, 259040.167, 106
Trd, 259041.250, 102
Trd, 259041.817, 105
Trd, 259041.900, 105
Trd, 259041.967, 106
Trd, 259042.283, 104
Trd, 259042.917, 101
Trd, 259044.383, 98
Trd, 259044.450, 99
Trd, 259044.533, 95
Trd, 259044.550, 100
Trd, 259044.617, 106
Trd, 259044.967, 109
Trd, 259045.100, 115
Trd, 259045.450, 93
Trd, 259045.667, 115
Trd, 259046.633, 115
Trd, 259046.950, 112
Trd, 259047.383, 113
Trd, 259047.917, 113
Trd, 259048.533, 114
Trd, 259048.833, 114
Trd, 259049.550, 114
Trd, 259049.600, 112
Trd, 259049.867, 113
Trd, 259050.533, 108
Trd, 259050.817, 106
Trd, 259050.900, 107
Trd, 259051.233, 106
Trd, 259051.467, 104
Trd, 259051.500, 103
Trd, 259051.533, 107
Trd, 259051.567, 98
Trd, 259053.133, 101
Trd, 259053.417, 102
Trd, 259053.550, 100
Trd, 259053.967, 103
Trd, 259055.100, 101
Trd, 259055.267, 99
Trd, 259055.333, 107
Trd, 259055.600, 100
Trd, 259056.200, 103
Trd, 259056.350, 104
Trd, 259056.900, 103
Trd, 259057.550, 98
Trd, 259058.067, 109
Trd, 259058.567, 108
Trd, 259058.883, 109
Trd, 259059.433, 104
Trd, 259059.683, 108
Trd, 259060.283, 109
Trd, 259061.017, 106
Trd, 259061.250, 105
Trd, 259061.383, 102
Trd, 259061.400, 101
Trd, 259061.817, 101
Trd, 259061.850, 102
Trd, 259062.117, 102
Trd, 259062.283, 104
Trd, 259062.967, 109
Trd, 259062.983, 110
Trd, 259063.083, 104
Trd, 259063.267, 110
Trd, 259063.400, 104
Trd, 259064.067, 115
Trd, 259064.650, 104
Trd, 259065.767, 99
Trd, 259067.717, 104
Trd, 259067.967, 104
Trd, 259068.033, 102
Trd, 259068.500, 103
Trd, 259068.767, 102
Trd, 259069.033, 100
Trd, 259069.250, 100
Trd, 259069.317, 98
Trd, 259069.333, 101
Trd, 259069.783, 99
Trd, 259070.167, 99
Trd, 259070.183, 116
Trd, 259070.400, 109
Trd, 259071.117, 108
Trd, 259072.900, 112
Trd, 259072.917, 111
Trd, 259073.150, 112
Trd, 259073.517, 113
Trd, 259073.717, 112
Trd, 259073.883, 109
Trd, 259074.200, 111
Trd, 259074.267, 114
Trd, 259074.367, 106
Trd, 259074.467, 114
Trd, 259076.150, 107
Trd, 259076.733, 107
Trd, 259077.050, 107
Trd, 259077.483, 104
Trd, 259077.917, 98
Trd, 259078.367, 94
Trd, 259078.783, 108
Trd, 259078.883, 109
Trd, 259079.550, 106
Trd, 259079.633, 94
Trd, 259080.000, 106
Trd, 259080.300, 105
Trd, 259080.367, 97
Trd, 259081.083, 99
Trd, 259081.267, 99
Trd, 259081.367, 100
Trd, 259081.767, 101
Trd, 259081.867, 102
Trd, 259081.883, 99
Trd, 259082.350, 98
Trd, 259083.133, 120
Trd, 259083.567, 122
Trd, 259083.633, 101
Trd, 259084.133, 98
Trd, 259084.200, 98
Trd, 259084.467, 115
Trd, 259084.800, 113
Trd, 259085.250, 112
Trd, 259085.350, 96
Trd, 259087.567, 103
Trd, 259087.650, 103
Trd, 259087.800, 104
Trd, 259087.867, 102
Trd, 259088.150, 107
Trd, 259088.350, 95
Trd, 259088.700, 104
Trd, 259089.017, 108
Trd, 259089.417, 105
Trd, 259089.867, 107
Trd, 259090.133, 103
Trd, 259090.833, 105
Trd, 259091.167, 101
Trd, 259091.233, 105
Trd, 259091.650, 102
Trd, 259091.833, 99
Trd, 259092.600, 105
Trd, 259093.117, 104
Trd, 259093.150, 108
Trd, 259093.917, 106
Trd, 259094.000, 107
Trd, 259094.217, 106
Trd, 259094.600, 108
Trd, 259094.800, 107
Trd, 259094.883, 106
Trd, 259095.067, 108
Trd, 259095.417, 94
Trd, 259095.883, 107
Trd, 259095.917, 105
Trd, 259096.433, 108
Trd, 259096.517, 109
Trd, 259096.817, 91
Trd, 259098.017, 95
Trd, 259098.917, 94
Trd, 259099.267, 107
Trd, 259100.050, 108
Trd, 259100.067, 109
Trd, 259100.100, 96
Trd, 259100.583, 96
Trd, 259100.783, 99
Trd, 259100.967, 100
Trd, 259101.483, 102
Trd, 259101.700, 109
Trd, 259101.983, 100
Trd, 259102.250, 100
Trd, 259102.267, 111
Trd, 259103.500, 110
Trd, 259103.567, 109
Trd, 259103.817, 110
Trd, 259105.000, 104
Trd, 259105.117, 104
Trd, 259105.633, 100
Trd, 259106.083, 105
Trd, 259106.500, 101
Trd, 259107.100, 102
Trd, 259107.167, 99
Trd, 259107.267, 98
Trd, 259107.800, 100
Trd, 259107.950, 101
Trd, 259108.050, 102
Trd, 259108.100, 100
Trd, 259108.450, 99
Trd, 259109.267, 101
Trd, 259109.283, 99
Trd, 259109.667, 107
Trd, 259110.500, 99
Trd, 259110.683, 108
Trd, 259110.917, 108
Trd, 259111.150, 98
Trd, 259111.750, 99
Trd, 259112.633, 103
Trd, 259112.817, 101
Trd, 259113.233, 101
Trd, 259113.683, 98
Trd, 259113.767, 111
Trd, 259113.783, 95
Trd, 259114.150, 111
Trd, 259114.250, 99
Trd, 259115.067, 94
Trd, 259115.600, 108
Trd, 259116.317, 108
Trd, 259116.833, 106
Trd, 259117.517, 109
Trd, 259117.833, 100
Trd, 259117.900, 123
Trd, 259118.567, 98
Trd, 259119.317, 109
Trd, 259119.633, 114
Trd, 259119.667, 109
Trd, 259119.900, 115
Trd, 259120.033, 108
Trd, 259121.283, 100
Trd, 259121.550, 109
Trd, 259121.800, 110
Trd, 259122.667, 105
Trd, 259122.917, 109
Trd, 259122.983, 104
Trd, 259123.433, 103
Trd, 259124.167, 95
Trd, 259124.450, 101
Trd, 259124.600, 96
Trd, 259124.650, 102
Trd, 259124.867, 103
Trd, 259125.750, 102
Trd, 259125.950, 103
Trd, 259127.400, 131
Trd, 259127.433, 128
Trd, 259127.583, 123
Trd, 259127.600, 123
Trd, 259128.383, 120
Trd, 259128.850, 106
Trd, 259128.983, 120
Trd, 259129.517, 98
Trd, 259129.800, 94
Trd, 259129.967, 93
Trd, 259129.983, 119
Trd, 259130.633, 110
Trd, 259131.350, 103
Trd, 259132.033, 106
Trd, 259132.133, 107
Trd, 259132.167, 104
Trd, 259133.483, 106
Trd, 259133.983, 106
Trd, 259134.550, 106
Trd, 259134.700, 107
Trd, 259134.850, 106
Trd, 259135.333, 105
Trd, 259135.783, 104
Trd, 259135.833, 108
Trd, 259136.017, 109
Trd, 259136.117, 98
Trd, 259136.817, 114
Trd, 259136.950, 100
Trd, 259137.033, 99
Trd, 259137.500, 112
Trd, 259137.800, 111
Trd, 259138.617, 113
Trd, 259139.833, 112
Trd, 259140.100, 114
Trd, 259140.467, 113
Trd, 259140.617, 112
Trd, 259140.733, 111
Trd, 259140.833, 107
Trd, 259141.300, 104
Trd, 259141.783, 107
Trd, 259141.867, 109
Trd, 259142.000, 110
Trd, 259142.033, 112
Trd, 259143.250, 112
Trd, 259143.500, 111
Trd, 259143.967, 114
Trd, 259144.150, 117
Trd, 259144.517, 113
Trd, 259144.783, 126
Trd, 259146.617, 110
Trd, 259147.167, 114
Trd, 259147.183, 115
Trd, 259147.367, 109
Trd, 259148.000, 107
Trd, 259148.033, 106
Trd, 259148.233, 100
Trd, 259148.550, 95
Trd, 259148.600, 112
Trd, 259148.950, 111
Trd, 259150.267, 100
Trd, 259151.250, 105
Trd, 259151.767, 106
Trd, 259152.100, 107
Trd, 259152.433, 108
Trd, 259153.017, 107
Trd, 259153.717, 101
Trd, 259153.733, 109
Trd, 259154.100, 100
Trd, 259154.300, 117
Trd, 259154.367, 123
Trd, 259154.433, 99
Trd, 259154.500, 98
Trd, 259155.067, 91
Trd, 259155.167, 91
Trd, 259156.167, 108
Trd, 259156.200, 97
Trd, 259156.533, 96
Trd, 259156.983, 108
Trd, 259157.000, 94
Trd, 259157.283, 108
Trd, 259157.950, 103
Trd, 259157.983, 105
Trd, 259158.617, 101
Trd, 259158.683, 102
Trd, 259158.917, 109
Trd, 259160.267, 106
Trd, 259160.850, 106
Trd, 259161.500, 105
Trd, 259161.683, 107
Trd, 259161.967, 98
Trd, 259162.883, 96
Trd, 259163.000, 97
Trd, 259163.067, 101
Trd, 259163.117, 102
Trd, 259163.317, 98
Trd, 259163.567, 96
Trd, 259163.583, 103
Trd, 259163.600, 95
Trd, 259165.217, 113
Trd, 259165.567, 116
Trd, 259165.750, 113
Trd, 259165.917, 115
Trd, 259166.350, 112
Trd, 259167.483, 106
Trd, 259167.567, 106
Trd, 259168.233, 99
Trd, 259168.767, 98
Trd, 259168.867, 98
Trd, 259169.217, 101
Trd, 259169.883, 99
Trd, 259170.200, 100
Trd, 259170.867, 100
Trd, 259171.217, 101
Trd, 259171.600, 102
Trd, 259171.917, 109
Trd, 259172.883, 102
Trd, 259173.067, 105
Trd, 259173.800, 104
Trd, 259173.950, 104
Trd, 259174.167, 104
Trd, 259174.483, 103
Trd, 259174.683, 104
Trd, 259175.000, 105
Trd, 259175.100, 109
Trd, 259176.000, 109
Trd, 259176.067, 104
Trd, 259176.433, 100
Trd, 259177.283, 115
Trd, 259177.833, 109
Trd, 259178.000, 99
Trd, 259178.900, 108
Trd, 259179.433, 99
Trd, 259179.500, 98
Trd, 259179.633, 105
Trd, 259179.783, 94
Trd, 259180.733, 101
Trd, 259181.117, 97
Trd, 259181.317, 98
Trd, 259181.767, 100
Trd, 259181.883, 99
Trd, 259182.467, 99
Trd, 259182.883, 99
Trd, 259183.200, 100
Trd, 259183.500, 101
Trd, 259183.533, 96
Trd, 259184.250, 108
Trd, 259184.533, 98
Trd, 259184.750, 107
Trd, 259185.567, 102
Trd, 259185.733, 107
Trd, 259186.350, 96
Trd, 259186.500, 95
Trd, 259186.950, 95
Trd, 259187.117, 95
Trd, 259187.600, 95
Trd, 259187.800, 93
Trd, 259187.967, 97
Trd, 259188.367, 90
Trd, 259188.767, 97
Trd, 259188.800, 98
Trd, 259189.633, 100
Trd, 259190.000, 109
Trd, 259190.783, 93
Trd, 259191.900, 109
Trd, 259192.317, 114
Trd, 259192.633, 112
Trd, 259192.667, 112
Trd, 259192.717, 111
Trd, 259193.083, 110
Trd, 259193.317, 110
Trd, 259193.850, 112
Trd, 259194.100, 109
Trd, 259194.117, 106
Trd, 259194.983, 107
Trd, 259195.617, 112
Trd, 259195.983, 108
Trd, 259196.100, 107
Trd, 259196.617, 112
Trd, 259196.800, 110
Trd, 259197.167, 110
Trd, 259197.383, 110
Trd, 259197.533, 111
Trd, 259197.817, 109
Trd, 259197.983, 111
Trd, 259199.283, 106
Trd, 259199.333, 104
Trd, 259199.367, 109
Trd, 259199.883, 99
