Trd, 258492.400, 88
Trd, 258492.867, 98
Trd, 258493.100, 94
Trd, 258493.300, 86
Trd, 258493.333, 80
Trd, 258493.933, 110
Trd, 258494.717, 88
Trd, 258494.983, 86
Trd, 258495.100, 87
Trd, 258495.400, 90
Trd, 258496.333, 109
Trd, 258496.550, 114
Trd, 258496.900, 122
Trd, 258497.883, 103
Trd, 258498.217, 110
Trd, 258498.883, 107
Trd, 258498.900, 106
Trd, 258500.150, 96
Trd, 258500.333, 107
Trd, 258500.650, 97
Trd, 258500.850, 107
Trd, 258501.067, 95
Trd, 258501.317, 112
Trd, 258501.550, 116
Trd, 258503.633, 126
Trd, 258503.867, 100
Trd, 258504.717, 97
Trd, 258505.000, 94
Trd, 258505.317, 106
Trd, 258505.617, 93
Trd, 258506.483, 97
Trd, 258506.700, 105
Trd, 258507.217, 107
Trd, 258507.483, 96
Trd, 258507.583, 115
Trd, 258507.717, 114
Trd, 258508.450, 114
Trd, 258509.350, 111
Trd, 258509.383, 115
Trd, 258509.983, 109
Trd, 258510.083, 93
Trd, 258510.667, 114
Trd, 258511.167, 106
Trd, 258511.200, 103
Trd, 258511.933, 92
Trd, 258513.000, 94
Trd, 258513.467, 90
Trd, 258514.117, 103
Trd, 258514.317, 102
Trd, 258514.567, 83
Trd, 258515.267, 102
Trd, 258515.550, 83
Trd, 258516.217, 96
Trd, 258516.467, 100
Trd, 258517.050, 72
Trd, 258517.400, 84
Trd, 258517.500, 86
Trd, 258517.917, 85
Trd, 258517.933, 101
Trd, 258518.000, 79
Trd, 258518.350, 112
Trd, 258519.600, 98
Trd, 258519.700, 110
Trd, 258520.083, 110
Trd, 258520.650, 108
Trd, 258521.400, 111
Trd, 258521.650, 105
Trd, 258521.950, 97
Trd, 258522.850, 98
Trd, 258522.867, 87
Trd, 258522.900, 100
Trd, 258524.433, 107
Trd, 258524.650, 113
Trd, 258525.000, 115
Trd, 258525.200, 96
Trd, 258525.267, 96
Trd, 258525.983, 110
Trd, 258526.567, 102
Trd, 258527.767, 109
Trd, 258528.067, 97
Trd, 258528.283, 92
Trd, 258528.883, 93
Trd, 258529.250, 102
Trd, 258529.600, 96
Trd, 258529.667, 93
Trd, 258529.917, 115
Trd, 258530.767, 111
Trd, 258531.083, 108
Trd, 258532.050, 101
Trd, 258532.267, 97
Trd, 258532.567, 90
Trd, 258533.200, 99
Trd, 258534.217, 99
Trd, 258534.367, 91
Trd, 258535.383, 104
Trd, 258535.900, 108
Trd, 258537.283, 102
Trd, 258537.400, 100
Trd, 258537.767, 109
Trd, 258537.917, 110
Trd, 258537.967, 112
Trd, 258538.150, 105
Trd, 258538.900, 104
Trd, 258539.433, 90
Trd, 258539.583, 86
Trd, 258540.567, 95
Trd, 258540.650, 101
Trd, 258541.267, 102
Trd, 258541.350, 105
Trd, 258542.183, 104
Trd, 258543.133, 109
Trd, 258543.967, 97
Trd, 258544.033, 96
Trd, 258544.233, 106
Trd, 258544.283, 88
Trd, 258545.333, 85
Trd, 258545.983, 87
Trd, 258546.183, 93
Trd, 258546.483, 98
Trd, 258546.867, 87
Trd, 258547.083, 103
Trd, 258547.283, 109
Trd, 258547.383, 115
Trd, 258547.700, 83
Trd, 258547.917, 115
Trd, 258548.667, 116
Trd, 258549.300, 109
Trd, 258549.333, 96
Trd, 258550.250, 98
Trd, 258550.667, 109
Trd, 258550.967, 98
Trd, 258551.183, 87
Trd, 258551.367, 84
Trd, 258551.483, 113
Trd, 258552.100, 98
Trd, 258553.550, 103
Trd, 258553.933, 107
Trd, 258554.117, 108
Trd, 258554.850, 112
Trd, 258555.117, 109
Trd, 258556.083, 99
Trd, 258556.100, 97
Trd, 258556.200, 97
Trd, 258556.500, 86
Trd, 258557.050, 84
Trd, 258557.533, 100
Trd, 258558.733, 87
Trd, 258559.433, 93
Trd, 258559.483, 87
Trd, 258559.567, 92
Trd, 258559.667, 94
Trd, 258559.783, 97
Trd, 258560.550, 96
Trd, 258560.817, 102
Trd, 258561.233, 108
Trd, 258562.650, 107
Trd, 258562.817, 109
Trd, 258563.233, 104
Trd, 258563.317, 95
Trd, 258563.467, 84
Trd, 258564.367, 126
Trd, 258565.783, 106
Trd, 258565.833, 98
Trd, 258566.267, 93
Trd, 258566.650, 114
Trd, 258566.817, 100
Trd, 258567.250, 107
Trd, 258568.400, 89
Trd, 258568.583, 93
Trd, 258569.017, 86
Trd, 258569.133, 93
Trd, 258569.167, 94
Trd, 258569.350, 98
Trd, 258569.467, 84
Trd, 258569.517, 98
Trd, 258571.133, 108
Trd, 258571.850, 109
Trd, 258572.050, 101
Trd, 258572.250, 96
Trd, 258572.417, 97
Trd, 258572.967, 88
Trd, 258573.083, 83
Trd, 258573.233, 97
Trd, 258573.750, 104
Trd, 258574.000, 98
Trd, 258574.367, 106
Trd, 258574.517, 124
Trd, 258574.950, 96
Trd, 258575.067, 87
Trd, 258575.383, 112
Trd, 258577.850, 101
Trd, 258578.217, 98
Trd, 258579.100, 107
Trd, 258579.317, 91
Trd, 258579.767, 89
Trd, 258580.200, 83
Trd, 258580.450, 107
Trd, 258580.567, 103
Trd, 258580.650, 103
Trd, 258580.917, 108
Trd, 258582.600, 98
Trd, 258582.700, 97
Trd, 258582.850, 99
Trd, 258582.883, 110
Trd, 258582.983, 116
Trd, 258583.183, 124
Trd, 258585.033, 109
Trd, 258585.050, 99
Trd, 258585.117, 98
Trd, 258585.217, 98
Trd, 258585.367, 90
Trd, 258586.133, 106
Trd, 258586.300, 95
Trd, 258586.567, 113
Trd, 258586.900, 96
Trd, 258587.017, 114
Trd, 258587.567, 104
Trd, 258587.583, 92
Trd, 258587.783, 89
Trd, 258588.883, 106
Trd, 258589.383, 111
Trd, 258590.833, 90
Trd, 258591.017, 102
Trd, 258592.517, 95
Trd, 258592.550, 97
Trd, 258592.867, 91
Trd, 258592.900, 100
Trd, 258593.333, 104
Trd, 258593.733, 109
Trd, 258593.900, 99
Trd, 258594.150, 102
Trd, 258594.317, 100
Trd, 258594.417, 92
Trd, 258594.717, 109
Trd, 258595.650, 98
Trd, 258596.517, 109
Trd, 258597.233, 93
Trd, 258597.400, 110
Trd, 258597.783, 98
Trd, 258598.117, 94
Trd, 258598.200, 83
Trd, 258598.450, 93
Trd, 258598.667, 93
Trd, 258599.100, 98
Trd, 258599.383, 126
Trd, 258599.467, 96
Trd, 258600.017, 112
Trd, 258600.567, 106
Trd, 258600.583, 99
Trd, 258601.817, 104
Trd, 258602.417, 98
Trd, 258602.567, 101
Trd, 258603.033, 115
Trd, 258604.367, 103
Trd, 258604.667, 109
Trd, 258605.700, 114
Trd, 258605.917, 88
Trd, 258606.500, 100
Trd, 258606.717, 95
Trd, 258607.683, 113
Trd, 258607.933, 106
Trd, 258608.017, 98
Trd, 258608.183, 94
Trd, 258608.350, 90
Trd, 258608.650, 91
Trd, 258609.067, 86
Trd, 258609.100, 101
Trd, 258610.300, 89
Trd, 258611.000, 100
Trd, 258611.483, 93
Trd, 258611.500, 101
Trd, 258611.650, 110
Trd, 258611.800, 88
Trd, 258611.867, 116
Trd, 258612.367, 130
Trd, 258612.883, 95
Trd, 258613.650, 94
Trd, 258613.750, 122
Trd, 258615.917, 89
Trd, 258615.983, 108
Trd, 258616.250, 109
Trd, 258617.383, 103
Trd, 258618.017, 101
Trd, 258618.050, 111
Trd, 258619.117, 99
Trd, 258619.500, 92
Trd, 258620.350, 93
Trd, 258620.800, 89
Trd, 258621.483, 92
Trd, 258621.667, 93
Trd, 258621.683, 94
Trd, 258621.917, 87
Trd, 258622.350, 98
Trd, 258622.383, 87
Trd, 258622.550, 100
Trd, 258622.783, 112
Trd, 258623.233, 106
Trd, 258625.083, 90
Trd, 258625.333, 103
Trd, 258626.033, 104
Trd, 258626.217, 97
Trd, 258626.583, 87
Trd, 258626.683, 85
Trd, 258626.767, 84
Trd, 258627.267, 90
Trd, 258628.017, 101
Trd, 258628.050, 104
Trd, 258628.283, 103
Trd, 258628.767, 108
Trd, 258628.817, 106
Trd, 258629.783, 97
Trd, 258630.100, 109
Trd, 258630.917, 108
Trd, 258631.033, 100
Trd, 258631.533, 108
Trd, 258631.767, 84
Trd, 258632.283, 75
Trd, 258633.467, 112
Trd, 258634.083, 83
Trd, 258634.383, 92
Trd, 258635.083, 98
Trd, 258635.817, 91
Trd, 258636.150, 87
Trd, 258636.267, 86
Trd, 258636.300, 100
Trd, 258636.400, 101
Trd, 258637.200, 106
Trd, 258637.983, 107
Trd, 258638.250, 99
Trd, 258638.950, 94
Trd, 258638.983, 89
Trd, 258639.150, 116
Trd, 258639.717, 92
Trd, 258639.850, 95
Trd, 258640.383, 106
Trd, 258641.150, 96
Trd, 258641.483, 93
Trd, 258642.533, 102
Trd, 258642.767, 102
Trd, 258642.817, 113
Trd, 258642.900, 118
Trd, 258643.717, 111
Trd, 258644.700, 108
Trd, 258644.867, 104
Trd, 258644.983, 102
Trd, 258645.183, 99
Trd, 258645.800, 104
Trd, 258646.133, 99
Trd, 258646.867, 99
Trd, 258646.983, 111
Trd, 258647.500, 87
Trd, 258648.133, 102
Trd, 258648.333, 110
Trd, 258648.350, 101
Trd, 258648.450, 100
Trd, 258648.567, 98
Trd, 258648.583, 111
Trd, 258649.050, 102
Trd, 258649.267, 87
Trd, 258650.100, 99
Trd, 258650.317, 119
Trd, 258650.800, 99
Trd, 258651.467, 101
Trd, 258652.433, 121
Trd, 258652.950, 116
Trd, 258653.117, 104
Trd, 258654.433, 100
Trd, 258655.783, 97
Trd, 258656.200, 90
Trd, 258656.733, 88
Trd, 258656.867, 90
Trd, 258657.000, 100
Trd, 258657.217, 101
Trd, 258657.450, 102
Trd, 258657.567, 97
Trd, 258657.683, 88
Trd, 258657.767, 85
Trd, 258659.067, 94
Trd, 258659.750, 106
Trd, 258660.283, 106
Trd, 258660.600, 110
Trd, 258660.867, 97
Trd, 258661.250, 95
Trd, 258663.067, 97
Trd, 258663.450, 98
Trd, 258663.667, 98
Trd, 258663.867, 107
Trd, 258664.017, 110
Trd, 258664.033, 96
Trd, 258664.483, 119
Trd, 258664.767, 110
Trd, 258665.050, 121
Trd, 258665.067, 127
Trd, 258665.950, 100
Trd, 258666.383, 112
Trd, 258668.367, 109
Trd, 258668.600, 95
Trd, 258668.683, 95
Trd, 258668.850, 96
Trd, 258668.967, 101
Trd, 258669.433, 88
Trd, 258669.467, 112
Trd, 258670.183, 97
Trd, 258670.300, 105
Trd, 258671.133, 108
Trd, 258671.433, 96
Trd, 258672.200, 100
Trd, 258673.883, 94
Trd, 258673.950, 108
Trd, 258674.817, 96
Trd, 258674.900, 98
Trd, 258675.117, 106
Trd, 258675.350, 109
Trd, 258675.467, 90
Trd, 258675.900, 106
Trd, 258676.600, 99
Trd, 258676.883, 111
Trd, 258677.117, 109
Trd, 258678.033, 104
Trd, 258678.217, 102
Trd, 258678.783, 92
Trd, 258679.183, 104
Trd, 258680.150, 109
Trd, 258680.683, 110
Trd, 258680.833, 114
Trd, 258681.400, 113
Trd, 258681.817, 94
Trd, 258682.783, 97
Trd, 258683.100, 95
Trd, 258683.517, 102
Trd, 258683.850, 102
Trd, 258684.117, 83
Trd, 258684.267, 102
Trd, 258684.300, 115
Trd, 258685.183, 91
Trd, 258686.083, 92
Trd, 258686.483, 98
Trd, 258687.333, 98
Trd, 258688.017, 109
Trd, 258688.133, 94
Trd, 258688.233, 103
Trd, 258688.967, 86
Trd, 258689.983, 100
Trd, 258690.283, 94
Trd, 258690.650, 101
Trd, 258691.150, 111
Trd, 258691.417, 118
Trd, 258691.833, 107
Trd, 258692.183, 90
Trd, 258693.317, 78
Trd, 258693.350, 75
Trd, 258693.383, 96
Trd, 258694.267, 86
Trd, 258694.483, 109
Trd, 258695.233, 82
Trd, 258696.233, 106
Trd, 258697.233, 100
Trd, 258697.250, 101
Trd, 258697.550, 97
Trd, 258697.583, 105
Trd, 258697.767, 84
Trd, 258698.383, 104
Trd, 258698.450, 106
Trd, 258698.750, 102
Trd, 258699.267, 81
Trd, 258700.233, 88
Trd, 258700.967, 99
Trd, 258702.033, 96
Trd, 258702.800, 101
Trd, 258703.117, 94
Trd, 258703.567, 92
Trd, 258703.750, 97
Trd, 258703.950, 86
Trd, 258704.300, 109
Trd, 258704.917, 101
Trd, 258705.000, 91
Trd, 258705.133, 109
Trd, 258705.650, 110
Trd, 258706.083, 106
Trd, 258706.467, 103
Trd, 258707.417, 87
Trd, 258707.950, 93
Trd, 258708.117, 110
Trd, 258709.683, 99
Trd, 258709.933, 93
Trd, 258710.200, 104
Trd, 258710.683, 112
Trd, 258710.933, 92
Trd, 258710.983, 90
Trd, 258711.583, 112
Trd, 258712.183, 101
Trd, 258713.200, 90
Trd, 258713.433, 110
Trd, 258713.500, 114
Trd, 258713.733, 88
Trd, 258714.150, 88
Trd, 258714.517, 90
Trd, 258714.683, 86
Trd, 258715.550, 99
Trd, 258716.133, 103
Trd, 258716.300, 90
Trd, 258716.850, 99
Trd, 258717.050, 111
Trd, 258717.533, 98
Trd, 258717.817, 86
Trd, 258718.467, 100
Trd, 258718.550, 114
Trd, 258718.700, 108
Trd, 258718.817, 98
Trd, 258720.167, 96
Trd, 258720.483, 99
Trd, 258721.083, 98
Trd, 258721.517, 99
Trd, 258722.267, 111
Trd, 258722.283, 107
Trd, 258722.367, 100
Trd, 258722.750, 113
Trd, 258723.400, 97
Trd, 258723.567, 104
Trd, 258723.883, 90
Trd, 258724.150, 88
Trd, 258724.800, 114
Trd, 258725.550, 103
Trd, 258725.883, 97
Trd, 258726.183, 95
Trd, 258727.617, 108
Trd, 258728.450, 87
Trd, 258729.000, 101
Trd, 258729.133, 93
Trd, 258729.667, 96
Trd, 258730.617, 107
Trd, 258732.567, 98
Trd, 258732.683, 100
Trd, 258732.883, 101
Trd, 258732.950, 96
Trd, 258733.133, 96
Trd, 258734.000, 90
Trd, 258734.133, 87
Trd, 258734.150, 98
Trd, 258734.483, 111
Trd, 258735.083, 96
Trd, 258735.267, 82
Trd, 258736.100, 90
Trd, 258736.217, 97
Trd, 258736.317, 92
Trd, 258736.750, 108
Trd, 258737.833, 109
Trd, 258737.933, 97
Trd, 258738.600, 111
Trd, 258739.833, 107
Trd, 258740.000, 97
Trd, 258740.183, 98
Trd, 258740.217, 101
Trd, 258740.717, 97
Trd, 258741.117, 84
Trd, 258741.650, 102
Trd, 258742.233, 82
Trd, 258743.067, 109
Trd, 258743.867, 96
Trd, 258743.967, 98
Trd, 258744.367, 87
Trd, 258744.850, 96
Trd, 258745.533, 109
Trd, 258745.633, 108
Trd, 258745.950, 110
Trd, 258746.517, 122
Trd, 258746.800, 124
Trd, 258747.650, 125
Trd, 258747.700, 103
Trd, 258748.050, 103
Trd, 258748.300, 98
Trd, 258748.367, 99
Trd, 258748.800, 101
Trd, 258749.350, 91
Trd, 258749.800, 109
Trd, 258749.850, 108
Trd, 258750.083, 97
Trd, 258751.017, 109
Trd, 258751.083, 100
Trd, 258751.650, 114
Trd, 258751.667, 110
Trd, 258752.100, 116
Trd, 258752.733, 105
Trd, 258753.100, 95
Trd, 258754.117, 87
Trd, 258755.083, 99
Trd, 258755.783, 102
Trd, 258755.883, 87
Trd, 258756.133, 103
Trd, 258756.183, 106
Trd, 258756.400, 85
Trd, 258756.917, 111
Trd, 258757.583, 88
Trd, 258757.733, 103
Trd, 258758.833, 95
Trd, 258758.900, 96
Trd, 258759.367, 104
Trd, 258759.983, 95
Trd, 258760.900, 82
Trd, 258761.433, 90
Trd, 258761.933, 100
Trd, 258761.950, 98
Trd, 258761.983, 85
Trd, 258762.617, 76
Trd, 258763.417, 109
Trd, 258763.517, 110
Trd, 258764.317, 114
Trd, 258764.583, 109
Trd, 258765.350, 117
Trd, 258765.483, 106
Trd, 258766.667, 97
Trd, 258767.767, 96
Trd, 258767.967, 93
Trd, 258768.017, 91
Trd, 258768.200, 86
Trd, 258768.483, 98
Trd, 258769.283, 95
Trd, 258769.483, 85
Trd, 258769.517, 96
Trd, 258769.567, 115
Trd, 258769.917, 113
Trd, 258770.267, 116
Trd, 258770.733, 115
Trd, 258771.100, 104
Trd, 258771.417, 94
Trd, 258771.567, 98
Trd, 258772.033, 101
Trd, 258773.150, 90
Trd, 258773.600, 79
Trd, 258775.133, 97
Trd, 258775.633, 98
Trd, 258775.700, 99
Trd, 258775.883, 96
Trd, 258776.100, 92
Trd, 258776.317, 106
Trd, 258776.450, 90
Trd, 258778.467, 106
Trd, 258778.500, 107
Trd, 258779.000, 103
Trd, 258779.233, 100
Trd, 258779.267, 109
Trd, 258780.917, 87
Trd, 258781.317, 91
Trd, 258781.817, 112
Trd, 258782.517, 117
Trd, 258782.700, 104
Trd, 258783.017, 100
Trd, 258783.217, 97
Trd, 258783.350, 89
Trd, 258783.683, 113
Trd, 258784.400, 126
Trd, 258784.633, 111
Trd, 258784.933, 112
Trd, 258785.033, 97
Trd, 258785.167, 125
Trd, 258785.200, 91
Trd, 258785.883, 100
Trd, 258786.900, 103
Trd, 258788.067, 101
Trd, 258788.600, 87
Trd, 258788.767, 96
Trd, 258789.117, 86
Trd, 258789.933, 88
Trd, 258790.333, 84
Trd, 258790.650, 87
Trd, 258791.233, 100
Trd, 258792.167, 99
Trd, 258792.567, 100
Trd, 258793.100, 98
Trd, 258793.517, 100
Trd, 258793.900, 100
Trd, 258794.067, 101
Trd, 258794.217, 103
Trd, 258794.383, 90
Trd, 258794.933, 109
Trd, 258795.200, 91
Trd, 258795.333, 111
Trd, 258795.567, 102
Trd, 258795.817, 99
Trd, 258795.967, 98
Trd, 258796.017, 113
Trd, 258796.417, 119
Trd, 258797.133, 82
Trd, 258797.617, 99
Trd, 258797.783, 86
Trd, 258797.917, 126
Trd, 258797.967, 80
Trd, 258798.700, 115
Trd, 258798.867, 83
Trd, 258799.133, 109
Trd, 258799.383, 80
Trd, 258800.300, 100
Trd, 258801.950, 110
Trd, 258802.100, 110
Trd, 258802.800, 97
Trd, 258803.017, 95
Trd, 258803.117, 85
Trd, 258803.200, 83
Trd, 258803.783, 131
Trd, 258805.050, 98
Trd, 258805.200, 104
Trd, 258805.483, 94
Trd, 258805.600, 89
Trd, 258806.600, 80
Trd, 258806.633, 79
Trd, 258806.950, 113
Trd, 258808.250, 94
Trd, 258808.550, 114
Trd, 258808.567, 102
Trd, 258809.467, 101
Trd, 258810.100, 100
Trd, 258810.200, 103
Trd, 258811.133, 99
Trd, 258811.433, 100
Trd, 258812.250, 94
Trd, 258812.417, 102
Trd, 258812.767, 107
Trd, 258813.200, 102
Trd, 258813.600, 90
Trd, 258813.800, 103
Trd, 258814.400, 101
Trd, 258814.500, 104
Trd, 258814.567, 93
Trd, 258814.983, 92
Trd, 258815.850, 110
Trd, 258816.983, 97
Trd, 258817.367, 108
Trd, 258817.750, 95
Trd, 258818.017, 85
Trd, 258818.050, 83
Trd, 258818.633, 97
Trd, 258818.667, 110
Trd, 258819.467, 92
Trd, 258819.617, 89
Trd, 258820.200, 95
Trd, 258820.383, 103
Trd, 258820.717, 99
Trd, 258820.933, 112
Trd, 258821.783, 103
Trd, 258821.833, 101
Trd, 258822.850, 105
Trd, 258823.317, 106
Trd, 258823.417, 96
Trd, 258823.767, 93
Trd, 258824.067, 88
Trd, 258824.583, 96
Trd, 258824.683, 91
Trd, 258825.200, 105
Trd, 258825.267, 87
Trd, 258826.183, 104
Trd, 258826.800, 87
Trd, 258828.017, 97
Trd, 258828.067, 98
Trd, 258828.367, 104
Trd, 258828.883, 110
Trd, 258829.550, 109
Trd, 258829.850, 100
Trd, 258830.483, 117
Trd, 258830.950, 113
Trd, 258831.217, 107
Trd, 258831.533, 117
Trd, 258831.650, 97
Trd, 258832.433, 89
Trd, 258833.300, 99
Trd, 258833.433, 96
Trd, 258833.617, 96
Trd, 258833.950, 98
Trd, 258833.983, 84
Trd, 258835.367, 91
Trd, 258836.667, 95
Trd, 258837.050, 86
Trd, 258837.400, 95
Trd, 258837.533, 95
Trd, 258837.933, 91
Trd, 258838.550, 113
Trd, 258838.967, 98
Trd, 258839.217, 96
Trd, 258839.283, 101
Trd, 258840.233, 96
Trd, 258840.750, 103
Trd, 258841.083, 110
Trd, 258841.217, 95
Trd, 258842.400, 90
Trd, 258843.150, 93
Trd, 258843.600, 84
Trd, 258843.617, 83
Trd, 258843.683, 94
Trd, 258844.200, 95
Trd, 258844.283, 98
Trd, 258844.317, 102
Trd, 258845.083, 94
Trd, 258845.383, 92
Trd, 258845.750, 93
Trd, 258845.933, 98
Trd, 258847.450, 104
Trd, 258847.500, 102
Trd, 258848.167, 103
Trd, 258848.983, 99
Trd, 258849.133, 94
Trd, 258849.517, 104
Trd, 258852.233, 100
Trd, 258852.450, 101
Trd, 258852.633, 98
Trd, 258853.067, 89
Trd, 258853.100, 101
Trd, 258853.200, 119
Trd, 258853.400, 121
Trd, 258853.800, 119
Trd, 258854.133, 114
Trd, 258854.533, 122
Trd, 258854.667, 97
Trd, 258854.850, 90
Trd, 258856.150, 108
Trd, 258856.900, 110
Trd, 258857.017, 113
Trd, 258857.200, 98
Trd, 258857.950, 92
Trd, 258858.083, 95
Trd, 258858.383, 96
Trd, 258858.650, 97
Trd, 258859.500, 109
Trd, 258860.683, 105
Trd, 258860.717, 110
Trd, 258860.883, 98
Trd, 258861.950, 96
Trd, 258862.283, 107
Trd, 258862.350, 109
Trd, 258862.600, 109
Trd, 258862.717, 88
Trd, 258863.233, 107
Trd, 258863.367, 104
Trd, 258864.133, 104
Trd, 258865.167, 100
Trd, 258865.400, 101
Trd, 258865.417, 96
Trd, 258865.550, 90
Trd, 258866.267, 121
Trd, 258866.817, 115
Trd, 258867.217, 104
Trd, 258867.400, 111
Trd, 258868.350, 96
Trd, 258868.667, 98
Trd, 258868.683, 107
Trd, 258869.183, 107
Trd, 258869.483, 108
Trd, 258869.767, 107
Trd, 258870.667, 95
Trd, 258871.150, 93
Trd, 258871.317, 98
Trd, 258871.450, 105
Trd, 258872.150, 96
Trd, 258872.500, 98
Trd, 258873.133, 104
Trd, 258873.933, 108
Trd, 258874.517, 107
Trd, 258874.900, 99
Trd, 258875.183, 96
Trd, 258875.700, 96
Trd, 258876.383, 101
Trd, 258877.500, 94
Trd, 258878.483, 97
Trd, 258878.517, 93
Trd, 258878.550, 91
Trd, 258879.100, 95
Trd, 258879.150, 98
Trd, 258879.367, 100
Trd, 258879.467, 103
Trd, 258881.067, 97
Trd, 258881.950, 85
Trd, 258882.083, 86
Trd, 258883.167, 101
Trd, 258883.250, 85
Trd, 258884.283, 110
Trd, 258884.600, 110
Trd, 258884.933, 108
Trd, 258885.133, 106
Trd, 258885.150, 100
Trd, 258886.983, 106
Trd, 258887.283, 100
Trd, 258887.583, 105
Trd, 258887.683, 95
Trd, 258888.217, 104
Trd, 258888.617, 89
Trd, 258888.683, 92
Trd, 258888.967, 87
Trd, 258889.133, 82
Trd, 258889.300, 84
Trd, 258890.017, 88
Trd, 258890.717, 80
Trd, 258890.750, 93
Trd, 258891.117, 78
Trd, 258892.617, 88
Trd, 258893.250, 96
Trd, 258893.483, 90
Trd, 258893.567, 98
Trd, 258893.833, 103
Trd, 258893.900, 106
Trd, 258894.617, 112
Trd, 258894.700, 94
Trd, 258895.917, 98
Trd, 258896.033, 101
Trd, 258896.833, 95
Trd, 258897.250, 98
Trd, 258897.550, 92
Trd, 258897.567, 99
Trd, 258897.900, 110
Trd, 258898.033, 108
Trd, 258898.417, 97
Trd, 258899.317, 104
Trd, 258899.400, 88
Trd, 258901.483, 102
Trd, 258902.733, 108
Trd, 258903.450, 97
Trd, 258903.467, 111
Trd, 258903.600, 95
Trd, 258904.250, 109
Trd, 258904.733, 102
Trd, 258904.933, 91
Trd, 258905.100, 86
Trd, 258905.417, 93
Trd, 258905.700, 80
Trd, 258906.150, 94
Trd, 258906.167, 77
Trd, 258906.450, 100
Trd, 258907.233, 103
Trd, 258907.783, 105
Trd, 258907.883, 91
Trd, 258908.467, 106
Trd, 258909.550, 101
Trd, 258909.650, 100
Trd, 258909.867, 98
Trd, 258910.067, 104
Trd, 258910.950, 105
Trd, 258912.017, 103
Trd, 258912.600, 101
Trd, 258912.950, 100
Trd, 258913.367, 100
Trd, 258914.550, 106
Trd, 258914.717, 107
Trd, 258914.950, 102
Trd, 258916.683, 104
Trd, 258916.750, 114
Trd, 258917.550, 108
Trd, 258917.583, 103
Trd, 258918.533, 102
Trd, 258918.900, 117
Trd, 258918.933, 100
Trd, 258919.050, 96
Trd, 258919.367, 118
Trd, 258919.600, 100
Trd, 258921.383, 106
Trd, 258921.417, 106
Trd, 258921.750, 92
Trd, 258922.433, 113
Trd, 258923.350, 103
Trd, 258923.367, 117
Trd, 258923.483, 108
Trd, 258923.700, 104
Trd, 258923.900, 93
Trd, 258924.167, 118
Trd, 258924.800, 86
Trd, 258925.200, 98
Trd, 258925.283, 90
Trd, 258925.783, 90
Trd, 258925.900, 95
Trd, 258926.600, 79
Trd, 258927.450, 81
Trd, 258927.850, 108
Trd, 258928.617, 94
Trd, 258928.750, 108
Trd, 258928.767, 109
Trd, 258928.883, 109
Trd, 258930.217, 110
Trd, 258931.867, 99
Trd, 258932.033, 97
Trd, 258932.933, 104
Trd, 258933.083, 101
Trd, 258933.117, 100
Trd, 258933.283, 94
Trd, 258935.033, 95
Trd, 258935.750, 91
Trd, 258935.833, 97
Trd, 258935.933, 98
Trd, 258936.200, 109
Trd, 258936.700, 97
Trd, 258936.900, 111
Trd, 258937.400, 105
Trd, 258937.717, 100
Trd, 258937.750, 98
Trd, 258938.150, 106
Trd, 258938.233, 86
Trd, 258938.750, 84
Trd, 258938.917, 82
Trd, 258939.717, 95
Trd, 258940.467, 102
Trd, 258940.667, 90
Trd, 258941.883, 100
Trd, 258942.033, 104
Trd, 258942.100, 101
Trd, 258943.283, 90
Trd, 258944.133, 92
Trd, 258944.750, 106
Trd, 258944.983, 91
Trd, 258945.200, 110
Trd, 258945.567, 105
Trd, 258945.817, 90
Trd, 258945.900, 105
Trd, 258946.483, 94
Trd, 258947.350, 98
Trd, 258947.533, 106
Trd, 258948.333, 104
Trd, 258949.317, 101
Trd, 258949.533, 96
Trd, 258950.583, 92
Trd, 258950.750, 105
Trd, 258950.800, 87
Trd, 258951.067, 97
Trd, 258951.800, 108
Trd, 258952.167, 93
Trd, 258952.583, 96
Trd, 258953.083, 94
Trd, 258953.783, 88
Trd, 258953.833, 87
Trd, 258953.850, 99
Trd, 258954.817, 96
Trd, 258955.050, 87
Trd, 258956.433, 110
Trd, 258956.500, 92
Trd, 258957.367, 109
Trd, 258958.367, 107
Trd, 258958.683, 108
Trd, 258958.850, 109
Trd, 258958.950, 114
Trd, 258959.217, 121
Trd, 258959.900, 105
Trd, 258960.400, 103
Trd, 258960.783, 97
Trd, 258961.983, 108
Trd, 258962.150, 107
Trd, 258963.317, 83
Trd, 258963.367, 104
Trd, 258963.417, 105
Trd, 258963.500, 85
Trd, 258964.317, 110
Trd, 258964.767, 104
Trd, 258965.633, 101
Trd, 258966.217, 98
Trd, 258966.350, 97
Trd, 258966.783, 91
Trd, 258967.700, 98
Trd, 258967.800, 97
Trd, 258968.017, 108
Trd, 258968.333, 105
Trd, 258968.717, 113
Trd, 258968.783, 102
Trd, 258968.817, 95
Trd, 258969.650, 109
Trd, 258969.833, 109
Trd, 258970.233, 101
Trd, 258970.983, 100
Trd, 258971.050, 94
Trd, 258971.983, 107
Trd, 258972.300, 93
Trd, 258972.483, 109
Trd, 258973.417, 96
Trd, 258974.317, 102
Trd, 258974.583, 90
Trd, 258974.850, 94
Trd, 258975.533, 92
Trd, 258976.367, 91
Trd, 258976.967, 101
Trd, 258977.383, 102
Trd, 258978.917, 102
Trd, 258979.450, 103
Trd, 258979.583, 98
Trd, 258979.700, 106
Trd, 258979.800, 95
Trd, 258979.867, 106
Trd, 258980.300, 93
Trd, 258980.400, 109
Trd, 258980.467, 114
Trd, 258980.800, 89
Trd, 258981.050, 81
Trd, 258982.033, 106
Trd, 258982.583, 97
Trd, 258982.700, 96
Trd, 258983.100, 103
Trd, 258983.733, 111
Trd, 258984.467, 109
Trd, 258984.650, 105
Trd, 258986.183, 107
Trd, 258986.200, 99
Trd, 258987.150, 103
Trd, 258987.300, 100
Trd, 258987.350, 104
Trd, 258987.533, 105
Trd, 258987.917, 97
Trd, 258988.333, 95
Trd, 258988.567, 87
Trd, 258989.900, 101
Trd, 258991.017, 94
Trd, 258991.033, 93
Trd, 258991.067, 104
Trd, 258991.467, 108
Trd, 258991.550, 93
Trd, 258991.600, 110
Trd, 258992.233, 98
Trd, 258992.450, 95
Trd, 258993.067, 98
Trd, 258994.317, 115
Trd, 258995.283, 112
Trd, 258995.883, 116
Trd, 258995.933, 106
Trd, 258996.633, 106
Trd, 258997.017, 104
Trd, 258997.417, 90
Trd, 258997.833, 95
Trd, 258999.400, 97
Trd, 258999.517, 85
Trd, 258999.650, 84
Trd, 259000.850, 95
Trd, 259001.033, 90
Trd, 259002.033, 95
Trd, 259002.500, 110
Trd, 259002.717, 100
Trd, 259003.283, 91
Trd, 259003.967, 94
Trd, 259004.033, 95
Trd, 259004.300, 102
Trd, 259004.950, 102
Trd, 259005.233, 106
Trd, 259005.367, 96
Trd, 259005.750, 95
Trd, 259006.033, 109
Trd, 259006.383, 110
Trd, 259007.433, 88
Trd, 259008.333, 89
Trd, 259008.467, 95
Trd, 259009.117, 87
Trd, 259009.150, 95
Trd, 259009.717, 92
Trd, 259010.150, 98
Trd, 259011.167, 103
Trd, 259011.550, 99
Trd, 259012.017, 102
Trd, 259012.450, 107
Trd, 259012.483, 103
Trd, 259012.650, 101
Trd, 259012.717, 101
Trd, 259012.967, 96
Trd, 259013.650, 111
Trd, 259013.900, 83
Trd, 259013.917, 76
Trd, 259014.533, 90
Trd, 259015.717, 84
Trd, 259015.733, 90
Trd, 259016.150, 111
Trd, 259016.283, 113
Trd, 259017.050, 112
Trd, 259017.633, 107
Trd, 259017.667, 109
Trd, 259018.283, 110
Trd, 259018.600, 113
Trd, 259018.983, 102
Trd, 259019.583, 101
Trd, 259019.950, 100
Trd, 259020.383, 91
Trd, 259020.533, 91
Trd, 259022.500, 101
Trd, 259023.483, 96
Trd, 259024.350, 107
Trd, 259024.950, 98
Trd, 259025.067, 95
Trd, 259025.350, 90
Trd, 259025.500, 88
Trd, 259026.050, 102
Trd, 259026.367, 97
Trd, 259027.100, 105
Trd, 259027.467, 110
Trd, 259027.483, 99
Trd, 259028.033, 117
Trd, 259028.183, 104
Trd, 259028.850, 95
Trd, 259029.417, 92
Trd, 259029.600, 105
Trd, 259030.333, 95
Trd, 259030.417, 105
Trd, 259031.417, 95
Trd, 259032.000, 91
Trd, 259033.200, 90
Trd, 259033.500, 93
Trd, 259033.517, 89
Trd, 259034.400, 108
Trd, 259034.950, 109
Trd, 259035.117, 94
Trd, 259035.633, 98
Trd, 259035.933, 87
Trd, 259036.400, 93
Trd, 259037.250, 95
Trd, 259037.333, 97
Trd, 259037.550, 98
Trd, 259037.733, 113
Trd, 259037.883, 112
Trd, 259038.083, 98
Trd, 259038.417, 83
Trd, 259040.600, 110
Trd, 259041.250, 99
Trd, 259041.483, 84
Trd, 259041.850, 106
Trd, 259042.033, 96
Trd, 259043.083, 107
Trd, 259043.750, 106
Trd, 259044.333, 103
Trd, 259044.650, 105
Trd, 259044.750, 102
Trd, 259045.067, 108
Trd, 259045.400, 95
Trd, 259045.817, 96
Trd, 259046.000, 88
Trd, 259047.117, 89
Trd, 259047.533, 98
Trd, 259047.583, 99
Trd, 259047.750, 83
Trd, 259048.317, 108
Trd, 259048.550, 90
Trd, 259048.750, 96
Trd, 259050.033, 92
Trd, 259050.183, 94
Trd, 259050.233, 95
Trd, 259050.750, 90
Trd, 259050.850, 109
Trd, 259051.217, 111
Trd, 259052.100, 111
Trd, 259052.483, 103
Trd, 259052.500, 83
Trd, 259053.417, 104
Trd, 259053.533, 105
Trd, 259054.000, 93
Trd, 259054.550, 105
Trd, 259054.783, 99
Trd, 259055.217, 112
Trd, 259055.350, 101
Trd, 259055.467, 112
Trd, 259055.667, 114
Trd, 259057.100, 98
Trd, 259057.450, 105
Trd, 259057.733, 108
Trd, 259057.917, 96
Trd, 259058.383, 86
Trd, 259058.450, 100
Trd, 259059.133, 97
Trd, 259059.583, 99
Trd, 259060.133, 104
Trd, 259060.383, 92
Trd, 259060.733, 91
Trd, 259061.800, 96
Trd, 259062.033, 113
Trd, 259063.917, 102
Trd, 259064.050, 91
Trd, 259064.350, 86
Trd, 259064.900, 104
Trd, 259065.167, 100
Trd, 259065.250, 115
Trd, 259065.267, 114
Trd, 259065.850, 100
Trd, 259066.767, 110
Trd, 259067.850, 108
Trd, 259067.883, 111
Trd, 259068.083, 93
Trd, 259068.350, 93
Trd, 259069.183, 107
Trd, 259069.517, 99
Trd, 259070.400, 101
Trd, 259071.033, 95
Trd, 259071.567, 96
Trd, 259072.367, 99
Trd, 259073.550, 95
Trd, 259073.733, 87
Trd, 259074.017, 88
Trd, 259074.033, 86
Trd, 259074.150, 78
Trd, 259074.567, 101
Trd, 259074.817, 112
Trd, 259074.950, 113
Trd, 259075.067, 87
Trd, 259075.750, 106
Trd, 259076.067, 95
Trd, 259076.417, 113
Trd, 259076.467, 89
Trd, 259077.200, 103
Trd, 259077.300, 109
Trd, 259078.417, 94
Trd, 259078.700, 87
Trd, 259078.783, 111
Trd, 259080.450, 98
Trd, 259080.733, 96
Trd, 259080.867, 98
Trd, 259081.733, 96
Trd, 259082.533, 96
Trd, 259082.550, 94
Trd, 259082.700, 97
Trd, 259083.433, 98
Trd, 259083.483, 108
Trd, 259084.700, 110
Trd, 259085.017, 95
Trd, 259085.133, 95
Trd, 259085.550, 107
Trd, 259085.933, 101
Trd, 259086.700, 91
Trd, 259086.733, 118
Trd, 259087.767, 98
Trd, 259088.133, 99
Trd, 259088.167, 98
Trd, 259088.300, 101
Trd, 259088.517, 99
Trd, 259088.783, 86
Trd, 259088.933, 103
Trd, 259090.317, 110
Trd, 259090.867, 108
Trd, 259090.917, 92
Trd, 259091.650, 109
Trd, 259092.567, 104
Trd, 259093.117, 100
Trd, 259093.917, 110
Trd, 259094.100, 112
Trd, 259094.300, 87
Trd, 259095.100, 92
Trd, 259095.217, 85
Trd, 259095.300, 114
Trd, 259095.317, 104
Trd, 259095.967, 85
Trd, 259096.200, 100
Trd, 259097.050, 113
Trd, 259097.167, 94
Trd, 259097.183, 93
Trd, 259097.950, 109
Trd, 259098.183, 103
Trd, 259098.550, 101
Trd, 259099.200, 104
Trd, 259099.233, 105
Trd, 259099.317, 95
Trd, 259099.517, 92
Trd, 259100.250, 103
Trd, 259101.083, 93
Trd, 259101.867, 105
Trd, 259102.183, 106
Trd, 259102.783, 84
Trd, 259103.350, 87
Trd, 259103.717, 94
Trd, 259104.083, 90
Trd, 259104.483, 89
Trd, 259104.583, 84
Trd, 259104.633, 102
Trd, 259105.450, 98
Trd, 259105.600, 78
Trd, 259105.617, 73
Trd, 259105.800, 110
Trd, 259106.233, 101
Trd, 259106.617, 93
Trd, 259106.683, 93
Trd, 259106.900, 96
Trd, 259107.133, 95
Trd, 259107.583, 104
Trd, 259107.917, 96
Trd, 259108.233, 111
Trd, 259108.617, 110
Trd, 259108.833, 104
Trd, 259109.667, 104
Trd, 259109.733, 98
Trd, 259110.350, 106
Trd, 259110.483, 92
Trd, 259110.967, 108
Trd, 259111.233, 87
Trd, 259111.550, 109
Trd, 259111.900, 96
Trd, 259113.150, 85
Trd, 259113.300, 80
Trd, 259113.983, 109
Trd, 259115.600, 126
Trd, 259115.717, 128
Trd, 259115.733, 113
Trd, 259115.750, 106
Trd, 259116.683, 92
Trd, 259117.033, 98
Trd, 259117.217, 97
Trd, 259117.717, 91
Trd, 259118.183, 103
Trd, 259118.367, 94
Trd, 259118.533, 89
Trd, 259119.067, 102
Trd, 259119.167, 109
Trd, 259119.283, 97
Trd, 259119.883, 92
Trd, 259120.267, 118
Trd, 259120.383, 117
Trd, 259121.233, 89
Trd, 259121.350, 96
Trd, 259121.517, 103
Trd, 259122.017, 91
Trd, 259122.783, 104
Trd, 259122.800, 86
Trd, 259123.217, 104
Trd, 259123.850, 87
Trd, 259124.217, 97
Trd, 259124.767, 90
Trd, 259125.783, 98
Trd, 259127.083, 107
Trd, 259127.367, 105
Trd, 259127.417, 97
Trd, 259127.767, 108
Trd, 259128.667, 110
Trd, 259129.150, 94
Trd, 259130.283, 100
Trd, 259130.883, 76
Trd, 259132.183, 97
Trd, 259132.433, 102
Trd, 259132.733, 105
Trd, 259133.150, 98
Trd, 259133.867, 109
Trd, 259133.967, 103
Trd, 259134.217, 118
Trd, 259134.500, 98
Trd, 259135.317, 89
Trd, 259136.033, 90
Trd, 259136.867, 91
Trd, 259137.200, 93
Trd, 259137.317, 98
Trd, 259137.833, 100
Trd, 259138.517, 111
Trd, 259138.550, 106
Trd, 259139.417, 92
Trd, 259140.233, 89
Trd, 259140.400, 93
Trd, 259140.583, 110
Trd, 259141.200, 112
Trd, 259141.367, 95
Trd, 259141.667, 92
Trd, 259142.250, 105
Trd, 259143.317, 105
Trd, 259143.400, 112
Trd, 259143.900, 95
Trd, 259144.983, 103
Trd, 259145.550, 98
Trd, 259146.250, 103
Trd, 259147.083, 97
Trd, 259147.800, 106
Trd, 259148.683, 97
Trd, 259148.883, 105
Trd, 259148.933, 95
Trd, 259149.100, 84
Trd, 259149.517, 98
Trd, 259150.850, 98
Trd, 259151.667, 98
Trd, 259151.833, 87
Trd, 259153.100, 110
Trd, 259153.500, 109
Trd, 259153.517, 106
Trd, 259153.767, 99
Trd, 259153.983, 92
Trd, 259154.417, 91
Trd, 259155.333, 103
Trd, 259155.733, 112
Trd, 259155.933, 107
Trd, 259156.817, 109
Trd, 259157.283, 90
Trd, 259157.383, 84
Trd, 259157.883, 111
Trd, 259158.650, 92
Trd, 259159.183, 117
Trd, 259159.850, 109
Trd, 259159.967, 96
Trd, 259160.917, 109
Trd, 259161.267, 108
Trd, 259161.517, 90
Trd, 259161.883, 85
Trd, 259162.233, 96
Trd, 259163.083, 98
Trd, 259163.117, 97
Trd, 259163.317, 96
Trd, 259163.400, 105
Trd, 259164.217, 94
Trd, 259164.633, 87
Trd, 259165.383, 101
Trd, 259165.650, 99
Trd, 259165.783, 107
Trd, 259166.350, 109
Trd, 259166.650, 106
Trd, 259167.400, 93
Trd, 259167.467, 126
Trd, 259168.050, 91
Trd, 259168.517, 92
Trd, 259169.450, 96
Trd, 259169.750, 93
Trd, 259170.950, 85
Trd, 259171.000, 95
Trd, 259171.400, 97
Trd, 259171.433, 82
Trd, 259171.867, 91
Trd, 259172.000, 98
Trd, 259172.767, 101
Trd, 259173.367, 99
Trd, 259173.983, 88
Trd, 259174.233, 100
Trd, 259174.483, 109
Trd, 259174.950, 87
Trd, 259175.233, 91
Trd, 259175.300, 104
Trd, 259175.917, 84
Trd, 259175.967, 113
Trd, 259176.600, 100
Trd, 259177.267, 115
Trd, 259178.617, 114
Trd, 259179.100, 111
Trd, 259179.383, 114
Trd, 259179.850, 106
Trd, 259180.267, 111
Trd, 259180.850, 102
Trd, 259181.000, 100
Trd, 259181.050, 112
Trd, 259181.250, 96
Trd, 259181.267, 91
Trd, 259181.417, 113
Trd, 259183.367, 108
Trd, 259183.450, 109
Trd, 259184.000, 120
Trd, 259184.333, 100
Trd, 259184.567, 92
Trd, 259185.667, 89
Trd, 259186.367, 100
Trd, 259187.283, 108
Trd, 259187.583, 108
Trd, 259187.700, 104
Trd, 259187.883, 110
Trd, 259188.433, 103
Trd, 259189.317, 111
Trd, 259190.033, 93
Trd, 259190.733, 108
Trd, 259190.817, 108
Trd, 259191.283, 95
Trd, 259191.717, 88
Trd, 259191.900, 87
Trd, 259192.133, 97
Trd, 259192.283, 107
Trd, 259192.500, 96
Trd, 259192.567, 109
Trd, 259192.600, 90
Trd, 259192.967, 85
Trd, 259194.550, 110
Trd, 259194.633, 106
Trd, 259195.117, 90
Trd, 259195.450, 106
Trd, 259195.550, 83
Trd, 259195.900, 116
Trd, 259196.417, 84
Trd, 259196.500, 98
Trd, 259197.383, 83
Trd, 259197.567, 91
Trd, 259197.767, 77
Trd, 259197.900, 113
Trd, 259198.167, 114
Trd, 259198.183, 85
Trd, 259198.450, 115
Trd, 259198.683, 95
Trd, 259199.033, 116
