Trd, 258504.983, 106
Trd, 258505.483, 103
Trd, 258505.517, 104
Trd, 258505.950, 106
Trd, 258506.033, 104
Trd, 258506.183, 105
Trd, 258507.200, 107
Trd, 258507.933, 113
Trd, 258508.033, 112
Trd, 258509.267, 111
Trd, 258509.500, 110
Trd, 258509.750, 109
Trd, 258509.800, 104
Trd, 258509.900, 120
Trd, 258510.183, 108
Trd, 258510.833, 104
Trd, 258511.200, 104
Trd, 258512.417, 106
Trd, 258512.433, 101
Trd, 258513.233, 105
Trd, 258513.450, 105
Trd, 258514.467, 103
Trd, 258514.550, 102
Trd, 258515.500, 104
Trd, 258515.717, 101
Trd, 258515.933, 100
Trd, 258516.183, 101
Trd, 258516.667, 101
Trd, 258516.717, 104
Trd, 258516.917, 100
Trd, 258517.167, 106
Trd, 258517.650, 113
Trd, 258517.867, 111
Trd, 258518.117, 99
Trd, 258520.283, 103
Trd, 258520.450, 102
Trd, 258520.617, 102
Trd, 258520.883, 103
Trd, 258521.550, 102
Trd, 258521.733, 103
Trd, 258522.067, 102
Trd, 258522.350, 102
Trd, 258522.383, 103
Trd, 258522.533, 104
Trd, 258522.550, 101
Trd, 258523.683, 98
Trd, 258523.883, 99
Trd, 258524.867, 103
Trd, 258525.283, 104
Trd, 258525.667, 104
Trd, 258526.200, 104
Trd, 258526.333, 103
Trd, 258526.750, 104
Trd, 258527.217, 103
Trd, 258527.233, 106
Trd, 258527.300, 102
Trd, 258528.017, 106
Trd, 258528.033, 108
Trd, 258529.200, 111
Trd, 258529.500, 110
Trd, 258529.617, 109
Trd, 258529.850, 107
Trd, 258530.083, 107
Trd, 258531.700, 119
Trd, 258531.733, 117
Trd, 258532.117, 106
Trd, 258532.167, 101
Trd, 258532.200, 100
Trd, 258532.700, 101
Trd, 258532.950, 99
Trd, 258533.083, 98
Trd, 258533.200, 94
Trd, 258534.200, 97
Trd, 258534.433, 88
Trd, 258535.450, 96
Trd, 258535.667, 98
Trd, 258536.017, 96
Trd, 258536.850, 102
Trd, 258537.217, 101
Trd, 258537.733, 104
Trd, 258537.850, 104
Trd, 258538.233, 103
Trd, 258538.300, 102
Trd, 258538.967, 103
Trd, 258539.167, 104
Trd, 258540.267, 105
Trd, 258540.467, 105
Trd, 258540.683, 105
Trd, 258541.183, 105
Trd, 258541.350, 104
Trd, 258541.983, 103
Trd, 258542.100, 104
Trd, 258542.200, 105
Trd, 258542.450, 101
Trd, 258542.950, 96
Trd, 258543.200, 107
Trd, 258543.850, 101
Trd, 258544.400, 98
Trd, 258544.450, 96
Trd, 258544.567, 103
Trd, 258545.117, 101
Trd, 258545.133, 95
Trd, 258545.433, 94
Trd, 258545.633, 90
Trd, 258546.567, 101
Trd, 258547.317, 101
Trd, 258549.433, 101
Trd, 258549.683, 101
Trd, 258549.883, 101
Trd, 258550.417, 102
Trd, 258550.550, 102
Trd, 258550.800, 103
Trd, 258551.583, 103
Trd, 258551.900, 102
Trd, 258552.183, 104
Trd, 258552.983, 104
Trd, 258553.317, 101
Trd, 258553.633, 105
Trd, 258553.750, 100
Trd, 258554.083, 106
Trd, 258554.167, 106
Trd, 258554.217, 105
Trd, 258555.517, 105
Trd, 258555.667, 105
Trd, 258556.317, 106
Trd, 258556.500, 105
Trd, 258556.683, 104
Trd, 258557.517, 104
Trd, 258558.067, 98
Trd, 258558.633, 100
Trd, 258558.900, 97
Trd, 258558.950, 96
Trd, 258559.167, 110
Trd, 258559.267, 101
Trd, 258560.017, 101
Trd, 258560.450, 103
Trd, 258560.517, 103
Trd, 258560.650, 102
Trd, 258560.950, 104
Trd, 258561.167, 118
Trd, 258561.933, 108
Trd, 258562.017, 106
Trd, 258562.650, 105
Trd, 258563.717, 105
Trd, 258563.767, 99
Trd, 258564.050, 108
Trd, 258564.100, 98
Trd, 258565.133, 107
Trd, 258565.333, 97
Trd, 258566.917, 106
Trd, 258567.067, 106
Trd, 258567.483, 110
Trd, 258567.517, 111
Trd, 258567.783, 108
Trd, 258568.117, 111
Trd, 258569.467, 110
Trd, 258569.767, 109
Trd, 258569.967, 108
Trd, 258570.500, 107
Trd, 258570.733, 106
Trd, 258572.033, 98
Trd, 258572.850, 104
Trd, 258573.067, 103
Trd, 258573.300, 101
Trd, 258573.367, 100
Trd, 258573.467, 103
Trd, 258573.700, 112
Trd, 258573.867, 95
Trd, 258574.483, 101
Trd, 258575.783, 99
Trd, 258576.033, 94
Trd, 258576.350, 93
Trd, 258576.917, 94
Trd, 258577.217, 95
Trd, 258577.433, 94
Trd, 258577.950, 95
Trd, 258578.933, 99
Trd, 258579.017, 101
Trd, 258579.250, 97
Trd, 258579.517, 96
Trd, 258579.717, 95
Trd, 258581.050, 95
Trd, 258581.783, 92
Trd, 258581.833, 95
Trd, 258581.950, 96
Trd, 258582.200, 101
Trd, 258583.000, 99
Trd, 258583.233, 99
Trd, 258583.317, 102
Trd, 258583.783, 100
Trd, 258584.300, 101
Trd, 258584.717, 101
Trd, 258584.983, 101
Trd, 258585.133, 98
Trd, 258585.150, 102
Trd, 258585.767, 103
Trd, 258587.050, 98
Trd, 258587.633, 100
Trd, 258587.800, 101
Trd, 258588.667, 102
Trd, 258589.267, 102
Trd, 258589.700, 99
Trd, 258590.033, 104
Trd, 258590.483, 99
Trd, 258590.850, 100
Trd, 258591.550, 99
Trd, 258591.617, 100
Trd, 258592.167, 98
Trd, 258592.667, 98
Trd, 258593.100, 100
Trd, 258593.283, 99
Trd, 258593.850, 98
Trd, 258593.883, 100
Trd, 258594.350, 103
Trd, 258594.617, 99
Trd, 258594.967, 99
Trd, 258595.217, 96
Trd, 258595.467, 103
Trd, 258595.550, 95
Trd, 258595.617, 95
Trd, 258595.850, 102
Trd, 258596.183, 103
Trd, 258596.700, 104
Trd, 258597.100, 104
Trd, 258598.217, 99
Trd, 258598.250, 98
Trd, 258599.350, 95
Trd, 258599.650, 93
Trd, 258599.833, 93
Trd, 258599.933, 94
Trd, 258600.800, 94
Trd, 258601.250, 94
Trd, 258601.450, 96
Trd, 258601.500, 98
Trd, 258602.217, 97
Trd, 258602.367, 98
Trd, 258602.400, 104
Trd, 258602.500, 106
Trd, 258602.667, 97
Trd, 258602.750, 106
Trd, 258603.600, 97
Trd, 258603.867, 97
Trd, 258603.933, 98
Trd, 258604.767, 94
Trd, 258605.300, 94
Trd, 258605.383, 110
Trd, 258605.833, 108
Trd, 258606.150, 103
Trd, 258608.033, 102
Trd, 258608.167, 102
Trd, 258608.317, 102
Trd, 258608.367, 101
Trd, 258608.983, 98
Trd, 258609.067, 98
Trd, 258609.650, 92
Trd, 258610.933, 97
Trd, 258611.100, 97
Trd, 258611.133, 96
Trd, 258611.867, 99
Trd, 258612.117, 100
Trd, 258612.833, 102
Trd, 258613.033, 102
Trd, 258613.133, 104
Trd, 258613.333, 102
Trd, 258613.633, 127
Trd, 258614.050, 102
Trd, 258614.700, 100
Trd, 258614.917, 102
Trd, 258615.200, 106
Trd, 258615.517, 100
Trd, 258616.733, 102
Trd, 258617.067, 103
Trd, 258617.183, 100
Trd, 258617.450, 101
Trd, 258617.667, 101
Trd, 258617.717, 102
Trd, 258617.967, 105
Trd, 258617.983, 100
Trd, 258618.050, 107
Trd, 258618.750, 128
Trd, 258619.300, 99
Trd, 258619.533, 114
Trd, 258620.333, 112
Trd, 258620.450, 111
Trd, 258621.233, 111
Trd, 258621.617, 110
Trd, 258622.100, 104
Trd, 258622.417, 109
Trd, 258622.683, 109
Trd, 258622.750, 108
Trd, 258623.150, 108
Trd, 258623.183, 106
Trd, 258623.383, 108
Trd, 258624.917, 107
Trd, 258625.100, 106
Trd, 258625.617, 99
Trd, 258625.783, 99
Trd, 258626.033, 98
Trd, 258626.100, 99
Trd, 258626.467, 98
Trd, 258627.367, 100
Trd, 258627.383, 100
Trd, 258627.500, 95
Trd, 258628.333, 96
Trd, 258628.567, 96
Trd, 258628.733, 97
Trd, 258628.783, 96
Trd, 258629.250, 94
Trd, 258629.283, 107
Trd, 258631.200, 114
Trd, 258631.617, 102
Trd, 258632.333, 104
Trd, 258633.033, 102
Trd, 258633.800, 106
Trd, 258633.883, 105
Trd, 258634.200, 104
Trd, 258634.400, 104
Trd, 258634.550, 103
Trd, 258634.567, 99
Trd, 258635.183, 103
Trd, 258635.333, 98
Trd, 258636.267, 99
Trd, 258636.283, 103
Trd, 258637.033, 105
Trd, 258637.050, 106
Trd, 258637.683, 102
Trd, 258637.850, 102
Trd, 258638.567, 115
Trd, 258638.700, 128
Trd, 258639.750, 114
Trd, 258640.883, 119
Trd, 258641.000, 117
Trd, 258642.183, 116
Trd, 258642.267, 115
Trd, 258642.433, 107
Trd, 258642.517, 104
Trd, 258642.533, 103
Trd, 258642.817, 102
Trd, 258643.583, 108
Trd, 258643.967, 105
Trd, 258644.350, 105
Trd, 258644.400, 104
Trd, 258645.133, 107
Trd, 258645.483, 111
Trd, 258645.750, 107
Trd, 258645.867, 106
Trd, 258646.317, 103
Trd, 258646.400, 104
Trd, 258648.000, 103
Trd, 258648.067, 102
Trd, 258648.400, 101
Trd, 258648.983, 101
Trd, 258649.167, 102
Trd, 258649.667, 106
Trd, 258650.217, 104
Trd, 258650.583, 101
Trd, 258650.833, 101
Trd, 258651.017, 100
Trd, 258651.267, 100
Trd, 258651.367, 104
Trd, 258651.750, 100
Trd, 258653.250, 105
Trd, 258653.867, 107
Trd, 258654.050, 106
Trd, 258654.533, 108
Trd, 258654.700, 108
Trd, 258654.850, 107
Trd, 258655.383, 105
Trd, 258655.567, 121
Trd, 258655.650, 101
Trd, 258655.750, 98
Trd, 258656.000, 95
Trd, 258657.150, 114
Trd, 258657.467, 113
Trd, 258658.217, 114
Trd, 258658.783, 115
Trd, 258658.833, 114
Trd, 258659.717, 114
Trd, 258660.200, 115
Trd, 258660.867, 113
Trd, 258660.883, 117
Trd, 258661.383, 118
Trd, 258662.033, 110
Trd, 258662.183, 109
Trd, 258663.083, 110
Trd, 258663.617, 107
Trd, 258664.017, 106
Trd, 258664.967, 107
Trd, 258665.217, 107
Trd, 258665.250, 106
Trd, 258665.333, 105
Trd, 258666.050, 102
Trd, 258666.083, 104
Trd, 258666.533, 104
Trd, 258666.767, 105
Trd, 258666.783, 104
Trd, 258667.650, 103
Trd, 258667.667, 101
Trd, 258668.683, 103
Trd, 258668.817, 104
Trd, 258669.183, 100
Trd, 258669.700, 104
Trd, 258670.600, 105
Trd, 258670.833, 116
Trd, 258670.883, 105
Trd, 258671.617, 113
Trd, 258671.750, 112
Trd, 258672.050, 111
Trd, 258672.267, 105
Trd, 258672.350, 104
Trd, 258672.467, 103
Trd, 258672.900, 101
Trd, 258674.117, 98
Trd, 258674.950, 103
Trd, 258674.967, 102
Trd, 258675.600, 111
Trd, 258675.633, 110
Trd, 258675.667, 109
Trd, 258676.483, 104
Trd, 258676.850, 105
Trd, 258677.183, 106
Trd, 258677.433, 108
Trd, 258677.600, 108
Trd, 258677.800, 107
Trd, 258677.933, 106
Trd, 258678.517, 100
Trd, 258679.883, 100
Trd, 258680.483, 100
Trd, 258680.517, 99
Trd, 258680.717, 100
Trd, 258680.817, 99
Trd, 258681.067, 95
Trd, 258681.400, 99
Trd, 258681.667, 88
Trd, 258682.250, 93
Trd, 258682.350, 101
Trd, 258682.417, 103
Trd, 258683.500, 95
Trd, 258683.600, 97
Trd, 258683.800, 98
Trd, 258684.017, 98
Trd, 258685.100, 102
Trd, 258685.700, 101
Trd, 258686.083, 100
Trd, 258686.583, 99
Trd, 258686.800, 103
Trd, 258687.150, 100
Trd, 258687.483, 101
Trd, 258687.833, 101
Trd, 258688.050, 102
Trd, 258688.217, 105
Trd, 258688.917, 106
Trd, 258689.317, 105
Trd, 258689.333, 109
Trd, 258690.683, 103
Trd, 258690.717, 116
Trd, 258691.250, 105
Trd, 258692.000, 103
Trd, 258693.350, 113
Trd, 258693.967, 109
Trd, 258694.033, 108
Trd, 258694.117, 106
Trd, 258694.217, 98
Trd, 258694.833, 101
Trd, 258694.967, 100
Trd, 258695.217, 104
Trd, 258695.533, 103
Trd, 258695.683, 102
Trd, 258696.600, 104
Trd, 258696.900, 108
Trd, 258697.217, 102
Trd, 258697.700, 99
Trd, 258697.850, 98
Trd, 258698.133, 98
Trd, 258698.467, 90
Trd, 258699.050, 91
Trd, 258699.350, 97
Trd, 258699.683, 97
Trd, 258699.783, 96
Trd, 258699.917, 97
Trd, 258700.267, 98
Trd, 258700.550, 98
Trd, 258701.017, 104
Trd, 258701.083, 99
Trd, 258702.017, 101
Trd, 258702.517, 101
Trd, 258702.550, 102
Trd, 258703.050, 100
Trd, 258703.883, 102
Trd, 258704.183, 103
Trd, 258704.700, 105
Trd, 258704.717, 102
Trd, 258706.367, 104
Trd, 258706.817, 108
Trd, 258706.883, 121
Trd, 258707.633, 106
Trd, 258708.250, 106
Trd, 258708.767, 112
Trd, 258708.983, 108
Trd, 258710.050, 105
Trd, 258710.300, 105
Trd, 258710.633, 104
Trd, 258710.917, 103
Trd, 258711.117, 101
Trd, 258711.283, 98
Trd, 258711.750, 99
Trd, 258712.217, 98
Trd, 258712.233, 99
Trd, 258712.567, 100
Trd, 258712.717, 100
Trd, 258713.200, 99
Trd, 258713.650, 101
Trd, 258714.317, 100
Trd, 258714.483, 91
Trd, 258715.550, 97
Trd, 258715.617, 97
Trd, 258715.817, 99
Trd, 258715.867, 99
Trd, 258716.500, 99
Trd, 258716.550, 98
Trd, 258717.300, 103
Trd, 258718.117, 103
Trd, 258718.250, 104
Trd, 258718.533, 102
Trd, 258719.233, 106
Trd, 258719.600, 105
Trd, 258720.217, 104
Trd, 258720.400, 103
Trd, 258721.017, 101
Trd, 258721.550, 105
Trd, 258721.900, 105
Trd, 258722.600, 106
Trd, 258722.633, 105
Trd, 258723.150, 99
Trd, 258723.617, 98
Trd, 258724.067, 106
Trd, 258724.200, 106
Trd, 258724.950, 103
Trd, 258724.967, 102
Trd, 258725.317, 100
Trd, 258725.933, 102
Trd, 258726.650, 102
Trd, 258726.950, 101
Trd, 258727.733, 101
Trd, 258728.033, 100
Trd, 258728.167, 101
Trd, 258728.567, 99
Trd, 258729.233, 98
Trd, 258730.167, 99
Trd, 258730.383, 100
Trd, 258730.817, 97
Trd, 258731.200, 100
Trd, 258731.350, 101
Trd, 258731.650, 104
Trd, 258732.450, 106
Trd, 258732.833, 107
Trd, 258733.383, 112
Trd, 258733.500, 112
Trd, 258733.733, 111
Trd, 258733.900, 111
Trd, 258734.017, 110
Trd, 258734.117, 109
Trd, 258734.167, 98
Trd, 258734.650, 96
Trd, 258735.250, 95
Trd, 258736.417, 104
Trd, 258736.767, 104
Trd, 258737.117, 106
Trd, 258737.133, 105
Trd, 258737.383, 105
Trd, 258737.483, 104
Trd, 258738.133, 102
Trd, 258738.417, 104
Trd, 258739.050, 102
Trd, 258739.583, 103
Trd, 258739.917, 103
Trd, 258740.750, 102
Trd, 258740.817, 103
Trd, 258741.033, 102
Trd, 258741.317, 104
Trd, 258741.350, 101
Trd, 258741.367, 98
Trd, 258742.017, 90
Trd, 258742.467, 98
Trd, 258742.667, 104
Trd, 258743.650, 99
Trd, 258743.667, 98
Trd, 258743.683, 101
Trd, 258745.283, 103
Trd, 258745.567, 103
Trd, 258745.800, 103
Trd, 258745.950, 103
Trd, 258746.033, 102
Trd, 258746.100, 104
Trd, 258746.217, 98
Trd, 258746.700, 104
Trd, 258747.733, 105
Trd, 258748.100, 105
Trd, 258748.200, 103
Trd, 258748.667, 106
Trd, 258749.317, 103
Trd, 258749.883, 104
Trd, 258750.000, 103
Trd, 258750.183, 101
Trd, 258750.283, 98
Trd, 258751.700, 99
Trd, 258751.917, 101
Trd, 258752.467, 104
Trd, 258752.483, 104
Trd, 258752.717, 102
Trd, 258753.017, 110
Trd, 258753.067, 109
Trd, 258753.117, 102
Trd, 258753.250, 110
Trd, 258753.500, 101
Trd, 258753.717, 103
Trd, 258754.183, 103
Trd, 258755.567, 105
Trd, 258755.983, 104
Trd, 258756.117, 106
Trd, 258756.983, 106
Trd, 258757.633, 108
Trd, 258757.683, 107
Trd, 258757.783, 106
Trd, 258757.967, 98
Trd, 258758.300, 97
Trd, 258759.283, 97
Trd, 258759.483, 104
Trd, 258759.967, 103
Trd, 258760.700, 101
Trd, 258760.967, 105
Trd, 258761.450, 104
Trd, 258761.567, 100
Trd, 258762.567, 96
Trd, 258762.850, 95
Trd, 258763.183, 95
Trd, 258763.333, 96
Trd, 258763.433, 100
Trd, 258763.583, 103
Trd, 258763.800, 104
Trd, 258764.500, 105
Trd, 258764.517, 97
Trd, 258765.183, 108
Trd, 258765.250, 98
Trd, 258765.417, 102
Trd, 258766.583, 109
Trd, 258766.967, 110
Trd, 258767.133, 103
Trd, 258767.267, 99
Trd, 258767.600, 102
Trd, 258768.400, 102
Trd, 258768.933, 101
Trd, 258769.733, 103
Trd, 258769.800, 100
Trd, 258770.617, 101
Trd, 258770.883, 102
Trd, 258770.983, 101
Trd, 258771.183, 101
Trd, 258771.250, 100
Trd, 258773.083, 107
Trd, 258773.217, 101
Trd, 258773.283, 100
Trd, 258774.000, 100
Trd, 258774.017, 99
Trd, 258774.233, 102
Trd, 258774.850, 102
Trd, 258775.183, 104
Trd, 258776.033, 111
Trd, 258776.050, 103
Trd, 258776.850, 106
Trd, 258777.950, 121
Trd, 258777.983, 110
Trd, 258778.000, 107
Trd, 258778.317, 106
Trd, 258778.667, 106
Trd, 258778.850, 103
Trd, 258779.133, 100
Trd, 258779.183, 108
Trd, 258779.583, 98
Trd, 258780.233, 97
Trd, 258780.983, 97
Trd, 258781.017, 98
Trd, 258781.583, 96
Trd, 258782.083, 96
Trd, 258782.150, 97
Trd, 258782.333, 97
Trd, 258783.200, 97
Trd, 258783.250, 96
Trd, 258783.600, 103
Trd, 258784.450, 103
Trd, 258785.483, 112
Trd, 258786.017, 108
Trd, 258786.783, 111
Trd, 258786.933, 110
Trd, 258787.417, 115
Trd, 258787.550, 111
Trd, 258787.833, 109
Trd, 258788.250, 106
Trd, 258788.917, 101
Trd, 258788.967, 98
Trd, 258789.750, 103
Trd, 258789.817, 104
Trd, 258790.117, 107
Trd, 258790.850, 106
Trd, 258791.333, 102
Trd, 258791.967, 104
Trd, 258792.467, 105
Trd, 258792.783, 109
Trd, 258793.300, 107
Trd, 258793.367, 108
Trd, 258793.600, 107
Trd, 258794.667, 109
Trd, 258794.883, 109
Trd, 258795.633, 109
Trd, 258796.200, 110
Trd, 258796.967, 113
Trd, 258797.133, 109
Trd, 258798.200, 112
Trd, 258798.500, 110
Trd, 258798.800, 110
Trd, 258799.550, 109
Trd, 258799.633, 106
Trd, 258799.867, 105
Trd, 258799.933, 104
Trd, 258800.533, 104
Trd, 258800.800, 104
Trd, 258801.200, 101
Trd, 258801.650, 100
Trd, 258801.950, 101
Trd, 258802.150, 103
Trd, 258802.600, 100
Trd, 258803.083, 99
Trd, 258803.400, 102
Trd, 258803.683, 102
Trd, 258803.817, 101
Trd, 258804.200, 105
Trd, 258804.650, 105
Trd, 258804.950, 105
Trd, 258805.300, 106
Trd, 258806.267, 112
Trd, 258806.817, 114
Trd, 258808.083, 118
Trd, 258808.367, 118
Trd, 258808.567, 112
Trd, 258808.633, 117
Trd, 258809.100, 109
Trd, 258809.183, 101
Trd, 258809.517, 102
Trd, 258809.983, 101
Trd, 258810.267, 100
Trd, 258810.650, 106
Trd, 258811.067, 107
Trd, 258811.233, 107
Trd, 258811.633, 106
Trd, 258812.317, 109
Trd, 258813.000, 109
Trd, 258813.283, 109
Trd, 258813.600, 106
Trd, 258814.333, 102
Trd, 258814.533, 106
Trd, 258815.200, 105
Trd, 258815.283, 104
Trd, 258815.433, 101
Trd, 258816.083, 104
Trd, 258816.500, 101
Trd, 258816.533, 100
Trd, 258816.900, 104
Trd, 258817.267, 103
Trd, 258817.483, 104
Trd, 258817.517, 102
Trd, 258818.600, 103
Trd, 258818.717, 101
Trd, 258818.733, 98
Trd, 258821.050, 104
Trd, 258821.267, 96
Trd, 258821.300, 95
Trd, 258821.617, 106
Trd, 258822.383, 116
Trd, 258823.200, 103
Trd, 258823.667, 106
Trd, 258824.000, 104
Trd, 258824.167, 104
Trd, 258824.300, 111
Trd, 258824.917, 103
Trd, 258825.500, 102
Trd, 258825.700, 103
Trd, 258826.000, 107
Trd, 258826.117, 107
Trd, 258826.633, 108
Trd, 258827.033, 107
Trd, 258827.200, 108
Trd, 258827.933, 106
Trd, 258828.150, 106
Trd, 258828.317, 100
Trd, 258828.500, 99
Trd, 258828.733, 99
Trd, 258828.917, 100
Trd, 258829.233, 99
Trd, 258829.333, 98
Trd, 258830.100, 98
Trd, 258830.250, 99
Trd, 258830.867, 100
Trd, 258831.483, 103
Trd, 258831.633, 100
Trd, 258832.417, 103
Trd, 258832.550, 104
Trd, 258832.750, 104
Trd, 258833.133, 105
Trd, 258833.417, 103
Trd, 258833.733, 105
Trd, 258834.183, 103
Trd, 258834.333, 101
Trd, 258834.483, 104
Trd, 258834.683, 100
Trd, 258834.850, 113
Trd, 258835.700, 100
Trd, 258835.767, 98
Trd, 258835.933, 96
Trd, 258836.600, 102
Trd, 258837.067, 103
Trd, 258837.267, 102
Trd, 258837.617, 102
Trd, 258838.133, 101
Trd, 258838.467, 87
Trd, 258838.683, 80
Trd, 258839.050, 102
Trd, 258839.150, 102
Trd, 258839.233, 102
Trd, 258840.017, 101
Trd, 258840.433, 104
Trd, 258841.017, 100
Trd, 258841.733, 98
Trd, 258841.750, 90
Trd, 258842.933, 95
Trd, 258843.083, 96
Trd, 258843.100, 97
Trd, 258843.367, 95
Trd, 258843.983, 97
Trd, 258844.233, 98
Trd, 258844.933, 100
Trd, 258845.283, 101
Trd, 258845.400, 100
Trd, 258846.150, 103
Trd, 258846.300, 105
Trd, 258847.133, 105
Trd, 258847.367, 105
Trd, 258847.450, 104
Trd, 258847.833, 104
Trd, 258847.983, 107
Trd, 258848.950, 104
Trd, 258848.967, 102
Trd, 258849.450, 106
Trd, 258849.783, 101
Trd, 258850.133, 105
Trd, 258850.450, 108
Trd, 258850.917, 104
Trd, 258851.400, 105
Trd, 258851.717, 115
Trd, 258852.717, 110
Trd, 258853.033, 111
Trd, 258853.750, 109
Trd, 258853.967, 110
Trd, 258854.033, 109
Trd, 258854.200, 109
Trd, 258855.650, 109
Trd, 258855.750, 112
Trd, 258855.867, 106
Trd, 258856.017, 101
Trd, 258856.417, 96
Trd, 258856.683, 98
Trd, 258857.000, 99
Trd, 258857.050, 98
Trd, 258857.500, 98
Trd, 258857.617, 98
Trd, 258857.983, 99
Trd, 258858.550, 102
Trd, 258858.650, 101
Trd, 258858.717, 100
Trd, 258859.417, 102
Trd, 258859.933, 104
Trd, 258860.533, 101
Trd, 258861.983, 100
Trd, 258862.017, 101
Trd, 258862.183, 100
Trd, 258862.483, 101
Trd, 258862.967, 100
Trd, 258863.600, 102
Trd, 258863.650, 101
Trd, 258863.667, 102
Trd, 258864.217, 101
Trd, 258864.267, 101
Trd, 258864.367, 100
Trd, 258864.450, 102
Trd, 258864.583, 103
Trd, 258864.817, 103
Trd, 258865.250, 101
Trd, 258866.300, 104
Trd, 258866.683, 105
Trd, 258866.767, 104
Trd, 258866.800, 106
Trd, 258867.233, 105
Trd, 258867.650, 104
Trd, 258868.717, 104
Trd, 258868.967, 103
Trd, 258869.367, 104
Trd, 258869.517, 103
Trd, 258869.817, 98
Trd, 258869.917, 96
Trd, 258870.700, 103
Trd, 258872.033, 110
Trd, 258872.300, 110
Trd, 258872.483, 124
Trd, 258872.900, 109
Trd, 258873.350, 109
Trd, 258874.100, 108
Trd, 258874.350, 109
Trd, 258874.617, 107
Trd, 258874.967, 106
Trd, 258875.783, 102
Trd, 258875.933, 101
Trd, 258876.100, 101
Trd, 258876.233, 102
Trd, 258876.867, 102
Trd, 258877.050, 103
Trd, 258877.283, 104
Trd, 258877.567, 101
Trd, 258877.717, 99
Trd, 258877.733, 104
Trd, 258878.450, 103
Trd, 258879.383, 99
Trd, 258879.950, 105
Trd, 258880.217, 106
Trd, 258880.700, 108
Trd, 258880.967, 100
Trd, 258881.650, 98
Trd, 258881.667, 95
Trd, 258882.233, 97
Trd, 258882.967, 92
Trd, 258883.200, 95
Trd, 258883.933, 97
Trd, 258884.067, 98
Trd, 258884.150, 99
Trd, 258884.333, 98
Trd, 258884.583, 101
Trd, 258886.767, 115
Trd, 258886.950, 115
Trd, 258887.150, 123
Trd, 258887.200, 113
Trd, 258887.233, 111
Trd, 258887.817, 100
Trd, 258888.083, 120
Trd, 258889.083, 104
Trd, 258889.467, 116
Trd, 258889.500, 103
Trd, 258889.650, 100
Trd, 258890.217, 106
Trd, 258890.717, 104
Trd, 258891.450, 109
Trd, 258891.533, 108
Trd, 258892.683, 106
Trd, 258892.917, 99
Trd, 258892.950, 95
Trd, 258893.683, 96
Trd, 258893.783, 97
Trd, 258894.483, 100
Trd, 258894.567, 99
Trd, 258894.683, 101
Trd, 258894.700, 98
Trd, 258895.617, 98
Trd, 258895.833, 98
Trd, 258896.533, 99
Trd, 258896.817, 99
Trd, 258896.933, 101
Trd, 258897.333, 100
Trd, 258897.817, 99
Trd, 258898.000, 100
Trd, 258898.967, 101
Trd, 258899.200, 99
Trd, 258899.867, 101
Trd, 258900.217, 100
Trd, 258900.617, 99
Trd, 258901.400, 105
Trd, 258901.783, 104
Trd, 258902.350, 106
Trd, 258902.417, 107
Trd, 258903.117, 113
Trd, 258903.217, 107
Trd, 258903.417, 109
Trd, 258903.500, 107
Trd, 258904.867, 107
Trd, 258904.967, 106
Trd, 258905.150, 107
Trd, 258905.667, 108
Trd, 258905.783, 109
Trd, 258905.817, 108
Trd, 258906.517, 107
Trd, 258906.717, 106
Trd, 258906.867, 109
Trd, 258907.400, 114
Trd, 258907.883, 115
Trd, 258908.583, 118
Trd, 258908.983, 122
Trd, 258909.633, 119
Trd, 258910.733, 119
Trd, 258911.183, 118
Trd, 258911.783, 117
Trd, 258911.950, 119
Trd, 258912.117, 115
Trd, 258912.883, 106
Trd, 258913.250, 107
Trd, 258913.450, 106
Trd, 258913.767, 117
Trd, 258914.333, 106
Trd, 258916.217, 108
Trd, 258916.233, 111
Trd, 258916.283, 106
Trd, 258916.400, 104
Trd, 258916.967, 105
Trd, 258917.350, 105
Trd, 258917.833, 106
Trd, 258917.967, 107
Trd, 258918.433, 108
Trd, 258918.450, 107
Trd, 258918.633, 107
Trd, 258919.133, 107
Trd, 258919.483, 106
Trd, 258919.567, 98
Trd, 258920.133, 98
Trd, 258921.283, 105
Trd, 258921.367, 104
Trd, 258921.583, 101
Trd, 258922.617, 101
Trd, 258922.717, 100
Trd, 258922.983, 102
Trd, 258923.617, 102
Trd, 258923.783, 102
Trd, 258924.367, 103
Trd, 258924.733, 105
Trd, 258925.017, 103
Trd, 258925.683, 106
Trd, 258925.833, 105
Trd, 258925.983, 104
Trd, 258926.417, 109
Trd, 258926.950, 96
Trd, 258927.350, 108
Trd, 258928.050, 101
Trd, 258928.317, 97
Trd, 258928.900, 97
Trd, 258928.983, 102
Trd, 258929.433, 102
Trd, 258929.817, 103
Trd, 258930.050, 102
Trd, 258930.400, 105
Trd, 258930.783, 102
Trd, 258931.467, 110
Trd, 258932.200, 112
Trd, 258932.650, 113
Trd, 258932.767, 113
Trd, 258932.950, 109
Trd, 258933.650, 101
Trd, 258933.933, 99
Trd, 258934.117, 98
Trd, 258934.500, 98
Trd, 258935.550, 98
Trd, 258935.883, 98
Trd, 258935.967, 99
Trd, 258936.533, 99
Trd, 258936.667, 104
Trd, 258937.683, 102
Trd, 258937.750, 101
Trd, 258938.200, 102
Trd, 258938.367, 101
Trd, 258938.933, 104
Trd, 258939.083, 99
Trd, 258939.617, 101
Trd, 258939.983, 102
Trd, 258940.067, 101
Trd, 258940.367, 103
Trd, 258941.367, 104
Trd, 258941.583, 103
Trd, 258941.867, 103
Trd, 258941.950, 101
Trd, 258942.000, 101
Trd, 258942.117, 110
Trd, 258942.667, 117
Trd, 258943.133, 100
Trd, 258944.767, 116
Trd, 258944.967, 115
Trd, 258945.167, 99
Trd, 258945.667, 100
Trd, 258945.867, 101
Trd, 258946.100, 99
Trd, 258946.367, 98
Trd, 258946.900, 105
Trd, 258947.567, 102
Trd, 258947.750, 101
Trd, 258947.817, 116
Trd, 258948.217, 101
Trd, 258948.917, 101
Trd, 258949.467, 99
Trd, 258949.700, 99
Trd, 258950.083, 100
Trd, 258950.133, 100
Trd, 258950.533, 101
Trd, 258950.583, 105
Trd, 258951.867, 103
Trd, 258952.217, 102
Trd, 258952.500, 102
Trd, 258953.017, 102
Trd, 258953.267, 101
Trd, 258953.283, 100
Trd, 258954.000, 102
Trd, 258954.383, 98
Trd, 258954.533, 103
Trd, 258954.850, 104
Trd, 258955.317, 105
Trd, 258955.467, 101
Trd, 258955.983, 101
Trd, 258956.200, 97
Trd, 258956.300, 95
Trd, 258956.383, 103
Trd, 258957.000, 106
Trd, 258957.383, 90
Trd, 258958.533, 96
Trd, 258960.133, 106
Trd, 258960.433, 105
Trd, 258960.500, 104
Trd, 258961.067, 102
Trd, 258961.583, 103
Trd, 258962.183, 106
Trd, 258962.333, 105
Trd, 258962.500, 107
Trd, 258962.567, 131
Trd, 258962.867, 103
Trd, 258963.083, 104
Trd, 258963.267, 103
Trd, 258963.800, 104
Trd, 258963.983, 102
Trd, 258964.300, 100
Trd, 258964.550, 106
Trd, 258965.300, 101
Trd, 258965.800, 100
Trd, 258966.000, 103
Trd, 258966.350, 99
Trd, 258966.800, 98
Trd, 258967.650, 96
Trd, 258967.817, 97
Trd, 258967.950, 99
Trd, 258968.967, 98
Trd, 258969.250, 104
Trd, 258969.300, 97
Trd, 258969.617, 95
Trd, 258970.017, 115
Trd, 258970.550, 96
Trd, 258971.500, 103
Trd, 258971.850, 101
Trd, 258972.600, 101
Trd, 258972.717, 100
Trd, 258972.933, 99
Trd, 258972.967, 101
Trd, 258973.283, 100
Trd, 258973.883, 99
Trd, 258974.067, 98
Trd, 258974.150, 99
Trd, 258974.400, 100
Trd, 258975.033, 104
Trd, 258975.583, 100
Trd, 258975.667, 105
Trd, 258977.217, 99
Trd, 258977.750, 91
Trd, 258977.850, 100
Trd, 258979.117, 97
Trd, 258979.333, 101
Trd, 258979.567, 98
Trd, 258979.667, 101
Trd, 258980.250, 102
Trd, 258980.300, 103
Trd, 258980.317, 102
Trd, 258980.450, 101
Trd, 258980.633, 94
Trd, 258981.017, 90
Trd, 258981.100, 102
Trd, 258982.067, 98
Trd, 258982.300, 98
Trd, 258982.333, 97
Trd, 258982.583, 99
Trd, 258983.517, 101
Trd, 258983.717, 102
Trd, 258983.783, 103
Trd, 258984.283, 104
Trd, 258984.317, 104
Trd, 258984.517, 104
Trd, 258984.917, 106
Trd, 258984.983, 115
Trd, 258985.300, 112
Trd, 258985.367, 104
Trd, 258985.567, 104
Trd, 258987.000, 108
Trd, 258987.017, 107
Trd, 258987.517, 107
Trd, 258988.200, 107
Trd, 258988.250, 107
Trd, 258988.400, 106
Trd, 258988.600, 90
Trd, 258989.267, 88
Trd, 258989.333, 115
Trd, 258990.600, 111
Trd, 258991.067, 102
Trd, 258991.500, 97
Trd, 258991.767, 97
Trd, 258992.200, 98
Trd, 258992.250, 97
Trd, 258992.533, 97
Trd, 258993.633, 102
Trd, 258993.850, 101
Trd, 258993.983, 103
Trd, 258994.500, 102
Trd, 258994.550, 101
Trd, 258995.533, 103
Trd, 258995.717, 98
Trd, 258996.983, 99
Trd, 258997.033, 106
Trd, 258997.700, 103
Trd, 258997.783, 99
Trd, 258998.017, 98
Trd, 258998.383, 100
Trd, 258998.700, 100
Trd, 258999.233, 99
Trd, 258999.700, 97
Trd, 259000.833, 95
Trd, 259001.033, 95
Trd, 259001.133, 99
Trd, 259001.883, 88
Trd, 259002.000, 99
Trd, 259002.100, 87
Trd, 259002.183, 93
Trd, 259002.433, 92
Trd, 259003.133, 95
Trd, 259003.683, 95
Trd, 259003.817, 98
Trd, 259004.017, 97
Trd, 259004.650, 98
Trd, 259005.867, 103
Trd, 259006.050, 103
Trd, 259006.233, 104
Trd, 259006.500, 104
Trd, 259006.733, 105
Trd, 259007.200, 103
Trd, 259008.000, 108
Trd, 259008.433, 99
Trd, 259009.433, 106
Trd, 259009.517, 101
Trd, 259009.600, 100
Trd, 259009.750, 107
Trd, 259009.917, 103
Trd, 259010.000, 102
Trd, 259011.167, 105
Trd, 259011.267, 104
Trd, 259011.583, 106
Trd, 259011.667, 107
Trd, 259011.950, 106
Trd, 259012.817, 106
Trd, 259013.517, 106
Trd, 259013.783, 106
Trd, 259014.033, 107
Trd, 259014.467, 115
Trd, 259015.350, 121
Trd, 259015.400, 111
Trd, 259016.800, 109
Trd, 259016.817, 108
Trd, 259017.083, 98
Trd, 259017.250, 99
Trd, 259017.800, 103
Trd, 259018.333, 104
Trd, 259018.650, 107
Trd, 259018.950, 106
Trd, 259019.733, 90
Trd, 259019.883, 104
Trd, 259020.250, 104
Trd, 259020.550, 95
Trd, 259020.667, 101
Trd, 259021.383, 101
Trd, 259021.567, 101
Trd, 259021.650, 100
Trd, 259022.250, 103
Trd, 259022.450, 103
Trd, 259022.750, 102
Trd, 259022.767, 101
Trd, 259023.050, 100
Trd, 259023.067, 114
Trd, 259023.800, 99
Trd, 259024.183, 122
Trd, 259025.150, 101
Trd, 259025.517, 101
Trd, 259025.850, 98
Trd, 259026.267, 99
Trd, 259026.817, 99
Trd, 259027.167, 108
Trd, 259027.300, 108
Trd, 259028.267, 105
Trd, 259028.950, 101
Trd, 259029.167, 104
Trd, 259029.750, 102
Trd, 259029.867, 101
Trd, 259029.917, 100
Trd, 259030.750, 97
Trd, 259031.400, 101
Trd, 259031.850, 100
Trd, 259032.317, 99
Trd, 259032.600, 98
Trd, 259032.950, 99
Trd, 259033.700, 100
Trd, 259033.900, 101
Trd, 259034.300, 103
Trd, 259034.883, 104
Trd, 259035.500, 104
Trd, 259035.817, 103
Trd, 259035.850, 101
Trd, 259035.917, 101
Trd, 259036.017, 99
Trd, 259036.733, 98
Trd, 259036.817, 99
Trd, 259036.933, 98
Trd, 259037.533, 99
Trd, 259037.933, 92
Trd, 259038.267, 101
Trd, 259038.283, 95
Trd, 259039.133, 98
Trd, 259039.950, 98
Trd, 259040.017, 99
Trd, 259040.183, 99
Trd, 259040.450, 99
Trd, 259040.867, 96
Trd, 259041.300, 104
Trd, 259041.517, 106
Trd, 259041.617, 104
Trd, 259041.683, 104
Trd, 259041.700, 103
Trd, 259041.967, 102
Trd, 259042.567, 101
Trd, 259042.833, 105
Trd, 259044.583, 98
Trd, 259044.650, 106
Trd, 259045.400, 115
Trd, 259046.050, 102
Trd, 259046.700, 104
Trd, 259047.467, 103
Trd, 259047.917, 102
Trd, 259048.133, 103
Trd, 259048.200, 104
Trd, 259048.267, 102
Trd, 259048.467, 101
Trd, 259049.417, 102
Trd, 259049.983, 102
Trd, 259050.200, 101
Trd, 259050.500, 107
Trd, 259050.917, 105
Trd, 259051.733, 99
Trd, 259052.133, 100
Trd, 259052.517, 109
Trd, 259053.617, 103
Trd, 259053.767, 102
Trd, 259053.967, 104
Trd, 259054.633, 104
Trd, 259054.700, 104
Trd, 259054.867, 104
Trd, 259055.100, 103
Trd, 259055.200, 105
Trd, 259055.900, 100
Trd, 259057.750, 102
Trd, 259057.783, 100
Trd, 259058.200, 101
Trd, 259058.733, 100
Trd, 259059.000, 101
Trd, 259059.300, 101
Trd, 259059.433, 103
Trd, 259059.983, 101
Trd, 259061.133, 103
Trd, 259061.833, 104
Trd, 259061.917, 103
Trd, 259062.400, 103
Trd, 259062.883, 102
Trd, 259062.950, 104
Trd, 259063.017, 100
Trd, 259063.733, 103
Trd, 259064.067, 104
Trd, 259064.367, 100
Trd, 259065.567, 101
Trd, 259065.917, 99
Trd, 259066.050, 102
Trd, 259066.233, 102
Trd, 259066.450, 101
Trd, 259066.783, 99
Trd, 259067.000, 103
Trd, 259068.633, 105
Trd, 259068.983, 104
Trd, 259069.000, 103
Trd, 259069.367, 103
Trd, 259070.067, 102
Trd, 259070.217, 105
Trd, 259070.267, 100
Trd, 259070.833, 102
Trd, 259071.417, 100
Trd, 259071.467, 99
Trd, 259071.650, 98
Trd, 259072.033, 101
Trd, 259072.833, 100
Trd, 259072.933, 102
Trd, 259073.117, 104
Trd, 259073.617, 104
Trd, 259073.733, 103
Trd, 259073.917, 103
Trd, 259073.950, 106
Trd, 259074.400, 105
Trd, 259075.617, 102
Trd, 259076.117, 102
Trd, 259076.450, 102
Trd, 259076.517, 104
Trd, 259076.667, 98
Trd, 259077.767, 99
Trd, 259077.833, 97
Trd, 259077.850, 96
Trd, 259078.067, 91
Trd, 259078.283, 90
Trd, 259078.467, 96
Trd, 259078.950, 97
Trd, 259080.100, 99
Trd, 259080.217, 99
Trd, 259080.233, 100
Trd, 259080.433, 102
Trd, 259080.683, 104
Trd, 259080.767, 108
Trd, 259081.450, 119
Trd, 259081.750, 110
Trd, 259083.017, 113
Trd, 259083.100, 111
Trd, 259083.217, 110
Trd, 259083.533, 110
Trd, 259084.017, 109
Trd, 259084.350, 108
Trd, 259084.367, 108
Trd, 259084.617, 110
Trd, 259085.017, 114
Trd, 259085.050, 109
Trd, 259086.033, 106
Trd, 259087.417, 102
Trd, 259087.800, 104
Trd, 259087.950, 101
Trd, 259088.250, 102
Trd, 259089.067, 104
Trd, 259089.217, 104
Trd, 259089.667, 99
Trd, 259089.733, 98
Trd, 259090.517, 101
Trd, 259090.883, 101
Trd, 259091.917, 99
Trd, 259092.133, 100
Trd, 259092.283, 98
Trd, 259092.583, 101
Trd, 259092.900, 103
Trd, 259093.100, 104
Trd, 259093.867, 108
Trd, 259094.000, 108
Trd, 259094.683, 107
Trd, 259095.050, 107
Trd, 259095.967, 107
Trd, 259096.050, 106
Trd, 259096.667, 104
Trd, 259097.083, 103
Trd, 259097.667, 102
Trd, 259097.867, 101
Trd, 259098.233, 103
Trd, 259098.500, 103
Trd, 259098.867, 104
Trd, 259099.917, 105
Trd, 259100.217, 105
Trd, 259100.817, 109
Trd, 259101.250, 128
Trd, 259102.167, 108
Trd, 259102.500, 107
Trd, 259102.783, 107
Trd, 259103.050, 108
Trd, 259103.350, 105
Trd, 259103.550, 103
Trd, 259103.583, 102
Trd, 259103.633, 99
Trd, 259104.367, 101
Trd, 259104.550, 98
Trd, 259104.617, 95
Trd, 259104.850, 90
Trd, 259106.817, 105
Trd, 259107.683, 94
Trd, 259108.233, 96
Trd, 259108.283, 95
Trd, 259108.333, 97
Trd, 259108.783, 98
Trd, 259108.983, 98
Trd, 259109.133, 99
Trd, 259109.750, 101
Trd, 259110.333, 103
Trd, 259110.717, 107
Trd, 259110.817, 100
Trd, 259111.500, 111
Trd, 259112.033, 103
Trd, 259112.983, 107
Trd, 259113.050, 107
Trd, 259113.217, 106
Trd, 259113.233, 105
Trd, 259113.533, 106
Trd, 259113.800, 110
Trd, 259113.883, 112
Trd, 259116.133, 107
Trd, 259116.533, 106
Trd, 259117.567, 106
Trd, 259117.717, 106
Trd, 259117.850, 105
Trd, 259118.317, 104
Trd, 259118.550, 104
Trd, 259118.700, 105
Trd, 259119.117, 102
Trd, 259119.483, 104
Trd, 259119.833, 104
Trd, 259120.017, 98
Trd, 259120.033, 104
Trd, 259120.583, 101
Trd, 259121.067, 95
Trd, 259121.133, 104
Trd, 259121.217, 94
Trd, 259121.583, 102
Trd, 259121.850, 104
Trd, 259122.367, 104
Trd, 259123.383, 105
Trd, 259123.400, 104
Trd, 259123.817, 104
Trd, 259124.033, 102
Trd, 259124.200, 120
Trd, 259125.650, 108
Trd, 259125.717, 107
Trd, 259126.067, 107
Trd, 259126.133, 107
Trd, 259127.283, 105
Trd, 259127.583, 104
Trd, 259128.167, 106
Trd, 259128.800, 106
Trd, 259129.317, 110
Trd, 259129.450, 109
Trd, 259129.583, 107
Trd, 259129.767, 106
Trd, 259129.967, 117
Trd, 259130.733, 101
Trd, 259130.800, 102
Trd, 259131.550, 98
Trd, 259132.567, 101
Trd, 259133.067, 100
Trd, 259133.083, 99
Trd, 259133.850, 100
Trd, 259134.033, 99
Trd, 259134.250, 100
Trd, 259134.317, 101
Trd, 259134.633, 101
Trd, 259135.150, 111
Trd, 259135.383, 110
Trd, 259135.433, 98
Trd, 259135.967, 98
Trd, 259136.567, 105
Trd, 259136.583, 106
Trd, 259136.700, 99
Trd, 259137.200, 105
Trd, 259137.433, 106
Trd, 259137.750, 105
Trd, 259137.850, 104
Trd, 259138.733, 111
Trd, 259139.850, 100
Trd, 259139.950, 117
Trd, 259140.350, 102
Trd, 259140.467, 123
Trd, 259140.817, 102
Trd, 259141.167, 102
Trd, 259142.217, 112
Trd, 259142.383, 111
Trd, 259142.867, 107
Trd, 259144.600, 107
Trd, 259144.767, 106
Trd, 259145.617, 103
Trd, 259145.967, 105
Trd, 259146.217, 109
Trd, 259146.567, 104
Trd, 259146.767, 107
Trd, 259147.183, 107
Trd, 259147.217, 106
Trd, 259147.250, 105
Trd, 259148.300, 105
Trd, 259148.733, 103
Trd, 259149.250, 104
Trd, 259149.317, 104
Trd, 259149.683, 104
Trd, 259149.817, 105
Trd, 259149.867, 103
Trd, 259149.900, 106
Trd, 259150.717, 106
Trd, 259150.800, 103
Trd, 259152.583, 101
Trd, 259152.950, 99
Trd, 259152.967, 102
Trd, 259153.567, 97
Trd, 259153.683, 100
Trd, 259154.200, 99
Trd, 259154.633, 100
Trd, 259155.233, 103
Trd, 259156.000, 108
Trd, 259156.583, 108
Trd, 259156.767, 106
Trd, 259157.017, 105
Trd, 259157.483, 102
Trd, 259157.833, 102
Trd, 259157.933, 106
Trd, 259158.717, 110
Trd, 259159.133, 118
Trd, 259159.233, 117
Trd, 259160.183, 110
Trd, 259160.350, 110
Trd, 259160.583, 110
Trd, 259160.767, 109
Trd, 259161.767, 119
Trd, 259161.950, 116
Trd, 259162.233, 102
Trd, 259162.767, 111
Trd, 259162.833, 110
Trd, 259162.867, 100
Trd, 259163.250, 114
Trd, 259163.600, 104
Trd, 259164.300, 103
Trd, 259164.950, 102
Trd, 259165.733, 105
Trd, 259165.883, 104
Trd, 259166.117, 105
Trd, 259166.167, 104
Trd, 259166.550, 103
Trd, 259168.083, 99
Trd, 259168.500, 99
Trd, 259168.667, 99
Trd, 259168.733, 99
Trd, 259168.783, 98
Trd, 259169.183, 96
Trd, 259169.683, 100
Trd, 259169.733, 104
Trd, 259169.750, 106
Trd, 259170.233, 99
Trd, 259170.900, 100
Trd, 259171.750, 105
Trd, 259172.033, 104
Trd, 259172.133, 105
Trd, 259173.317, 109
Trd, 259174.017, 113
Trd, 259174.050, 112
Trd, 259174.500, 121
Trd, 259175.517, 112
Trd, 259176.717, 114
Trd, 259176.733, 112
Trd, 259177.317, 113
Trd, 259178.450, 112
Trd, 259178.550, 109
Trd, 259179.283, 114
Trd, 259179.317, 113
Trd, 259179.483, 116
Trd, 259179.667, 107
Trd, 259180.000, 106
Trd, 259180.167, 107
Trd, 259180.300, 117
Trd, 259180.317, 100
Trd, 259180.383, 98
Trd, 259182.200, 97
Trd, 259182.317, 96
Trd, 259182.800, 98
Trd, 259182.817, 98
Trd, 259182.867, 95
Trd, 259183.583, 94
Trd, 259183.600, 100
Trd, 259185.683, 95
Trd, 259185.950, 96
Trd, 259185.967, 97
Trd, 259186.733, 100
Trd, 259187.350, 102
Trd, 259187.617, 103
Trd, 259187.767, 104
Trd, 259187.833, 103
Trd, 259188.083, 105
Trd, 259188.267, 104
Trd, 259188.383, 101
Trd, 259188.800, 105
Trd, 259190.567, 97
Trd, 259190.817, 98
Trd, 259190.967, 96
Trd, 259191.117, 99
Trd, 259192.150, 104
Trd, 259192.200, 104
Trd, 259192.417, 104
Trd, 259194.050, 102
Trd, 259194.333, 104
Trd, 259194.567, 103
Trd, 259194.700, 103
Trd, 259194.733, 101
Trd, 259195.317, 101
Trd, 259195.417, 98
Trd, 259195.883, 97
Trd, 259196.317, 96
Trd, 259196.700, 97
Trd, 259196.783, 96
Trd, 259197.017, 97
Trd, 259197.717, 100
Trd, 259197.817, 98
Trd, 259198.033, 106
Trd, 259198.100, 120
Trd, 259198.900, 99
Trd, 259199.017, 98
Trd, 259199.183, 90
