Trd, 258517.267, 98
Trd, 258517.817, 93
Trd, 258518.967, 98
Trd, 258519.300, 98
Trd, 258519.750, 97
Trd, 258519.817, 84
Trd, 258520.217, 108
Trd, 258520.317, 108
Trd, 258520.450, 83
Trd, 258520.550, 109
Trd, 258520.750, 110
Trd, 258520.783, 105
Trd, 258521.633, 107
Trd, 258522.067, 94
Trd, 258522.583, 106
Trd, 258522.683, 101
Trd, 258522.833, 107
Trd, 258523.017, 86
Trd, 258524.017, 96
Trd, 258524.367, 93
Trd, 258524.550, 95
Trd, 258524.567, 98
Trd, 258524.717, 87
Trd, 258524.883, 94
Trd, 258524.983, 95
Trd, 258525.250, 101
Trd, 258525.567, 106
Trd, 258526.167, 93
Trd, 258526.350, 106
Trd, 258526.383, 107
Trd, 258526.533, 86
Trd, 258526.883, 85
Trd, 258527.850, 108
Trd, 258527.917, 109
Trd, 258529.150, 103
Trd, 258529.317, 104
Trd, 258529.333, 101
Trd, 258529.367, 95
Trd, 258529.683, 104
Trd, 258530.200, 103
Trd, 258530.317, 101
Trd, 258531.433, 100
Trd, 258531.467, 104
Trd, 258531.733, 93
Trd, 258531.917, 105
Trd, 258532.300, 91
Trd, 258532.567, 88
Trd, 258533.083, 96
Trd, 258534.250, 87
Trd, 258534.500, 98
Trd, 258535.067, 101
Trd, 258535.167, 91
Trd, 258535.350, 101
Trd, 258535.500, 102
Trd, 258535.633, 105
Trd, 258536.150, 99
Trd, 258536.283, 101
Trd, 258536.683, 100
Trd, 258536.850, 100
Trd, 258536.883, 85
Trd, 258537.633, 97
Trd, 258537.817, 96
Trd, 258537.983, 98
Trd, 258539.050, 98
Trd, 258539.483, 93
Trd, 258539.850, 84
Trd, 258540.267, 98
Trd, 258540.383, 99
Trd, 258540.717, 101
Trd, 258540.817, 105
Trd, 258541.600, 94
Trd, 258541.683, 101
Trd, 258542.000, 102
Trd, 258542.133, 103
Trd, 258542.267, 105
Trd, 258542.300, 106
Trd, 258542.517, 84
Trd, 258542.900, 86
Trd, 258542.933, 87
Trd, 258543.383, 78
Trd, 258543.400, 101
Trd, 258544.050, 77
Trd, 258544.583, 93
Trd, 258544.917, 91
Trd, 258545.150, 90
Trd, 258546.483, 89
Trd, 258546.500, 90
Trd, 258547.067, 95
Trd, 258547.133, 98
Trd, 258547.567, 107
Trd, 258547.583, 109
Trd, 258547.983, 102
Trd, 258548.500, 100
Trd, 258548.683, 103
Trd, 258549.033, 86
Trd, 258549.117, 104
Trd, 258549.850, 83
Trd, 258550.817, 100
Trd, 258550.850, 85
Trd, 258551.183, 95
Trd, 258551.567, 99
Trd, 258552.550, 99
Trd, 258553.867, 95
Trd, 258554.117, 97
Trd, 258554.383, 93
Trd, 258555.083, 96
Trd, 258555.200, 97
Trd, 258555.417, 101
Trd, 258555.683, 104
Trd, 258555.933, 88
Trd, 258556.217, 97
Trd, 258556.850, 91
Trd, 258557.217, 84
Trd, 258557.500, 97
Trd, 258557.650, 104
Trd, 258558.200, 106
Trd, 258558.583, 101
Trd, 258559.150, 100
Trd, 258559.183, 104
Trd, 258559.617, 101
Trd, 258559.767, 102
Trd, 258559.933, 106
Trd, 258560.300, 94
Trd, 258560.633, 94
Trd, 258562.167, 102
Trd, 258562.450, 101
Trd, 258562.467, 103
Trd, 258562.750, 104
Trd, 258563.133, 94
Trd, 258563.500, 105
Trd, 258563.533, 106
Trd, 258564.100, 96
Trd, 258564.367, 98
Trd, 258564.550, 99
Trd, 258566.017, 97
Trd, 258566.767, 93
Trd, 258566.783, 94
Trd, 258566.917, 84
Trd, 258566.983, 84
Trd, 258567.217, 94
Trd, 258567.233, 93
Trd, 258567.250, 95
Trd, 258567.333, 95
Trd, 258567.983, 83
Trd, 258568.350, 101
Trd, 258568.750, 90
Trd, 258568.867, 103
Trd, 258569.150, 105
Trd, 258569.467, 79
Trd, 258569.583, 94
Trd, 258570.050, 89
Trd, 258570.083, 89
Trd, 258570.100, 90
Trd, 258571.083, 100
Trd, 258571.217, 76
Trd, 258571.283, 102
Trd, 258571.667, 102
Trd, 258571.900, 104
Trd, 258572.850, 94
Trd, 258573.167, 98
Trd, 258573.183, 93
Trd, 258573.433, 105
Trd, 258574.683, 109
Trd, 258574.883, 100
Trd, 258575.500, 107
Trd, 258576.000, 107
Trd, 258576.033, 108
Trd, 258576.317, 94
Trd, 258576.500, 90
Trd, 258576.517, 94
Trd, 258578.133, 106
Trd, 258578.367, 107
Trd, 258578.500, 109
Trd, 258579.617, 105
Trd, 258580.233, 103
Trd, 258580.267, 105
Trd, 258580.417, 97
Trd, 258581.200, 99
Trd, 258581.267, 84
Trd, 258581.283, 103
Trd, 258581.933, 79
Trd, 258582.083, 97
Trd, 258582.450, 100
Trd, 258582.833, 100
Trd, 258582.983, 100
Trd, 258583.017, 101
Trd, 258583.250, 86
Trd, 258583.767, 102
Trd, 258584.200, 97
Trd, 258584.433, 103
Trd, 258584.733, 104
Trd, 258585.667, 104
Trd, 258586.167, 92
Trd, 258587.217, 103
Trd, 258587.500, 98
Trd, 258587.733, 100
Trd, 258588.000, 105
Trd, 258588.083, 109
Trd, 258588.967, 110
Trd, 258589.200, 110
Trd, 258589.217, 111
Trd, 258589.400, 112
Trd, 258589.417, 109
Trd, 258590.017, 118
Trd, 258590.600, 105
Trd, 258591.683, 101
Trd, 258591.883, 100
Trd, 258592.083, 94
Trd, 258592.133, 98
Trd, 258592.567, 93
Trd, 258592.917, 92
Trd, 258593.083, 96
Trd, 258593.233, 91
Trd, 258594.100, 84
Trd, 258594.400, 94
Trd, 258594.617, 101
Trd, 258594.800, 100
Trd, 258594.900, 84
Trd, 258596.100, 83
Trd, 258596.617, 95
Trd, 258596.683, 96
Trd, 258596.717, 100
Trd, 258596.800, 101
Trd, 258596.917, 104
Trd, 258596.983, 83
Trd, 258597.067, 105
Trd, 258597.133, 106
Trd, 258597.583, 109
Trd, 258597.600, 109
Trd, 258598.050, 121
Trd, 258599.267, 101
Trd, 258599.850, 94
Trd, 258599.983, 97
Trd, 258600.433, 102
Trd, 258600.467, 104
Trd, 258600.600, 94
Trd, 258601.000, 109
Trd, 258601.067, 93
Trd, 258602.267, 108
Trd, 258602.383, 109
Trd, 258602.583, 101
Trd, 258603.483, 101
Trd, 258603.650, 103
Trd, 258603.667, 88
Trd, 258603.933, 103
Trd, 258604.000, 104
Trd, 258604.917, 101
Trd, 258605.200, 102
Trd, 258605.533, 101
Trd, 258605.583, 95
Trd, 258605.617, 91
Trd, 258605.900, 103
Trd, 258606.367, 109
Trd, 258606.850, 96
Trd, 258607.383, 104
Trd, 258607.800, 84
Trd, 258608.233, 79
Trd, 258608.500, 84
Trd, 258609.017, 88
Trd, 258609.350, 87
Trd, 258609.483, 88
Trd, 258609.517, 90
Trd, 258610.550, 91
Trd, 258610.633, 94
Trd, 258610.767, 95
Trd, 258610.833, 101
Trd, 258610.967, 106
Trd, 258612.433, 110
Trd, 258612.450, 94
Trd, 258612.550, 111
Trd, 258612.733, 112
Trd, 258613.117, 100
Trd, 258613.250, 98
Trd, 258614.500, 92
Trd, 258614.883, 94
Trd, 258614.900, 95
Trd, 258615.417, 88
Trd, 258615.650, 95
Trd, 258616.117, 95
Trd, 258616.950, 84
Trd, 258617.283, 92
Trd, 258617.483, 93
Trd, 258618.033, 95
Trd, 258618.267, 98
Trd, 258618.483, 103
Trd, 258618.767, 93
Trd, 258619.050, 103
Trd, 258619.150, 87
Trd, 258619.933, 86
Trd, 258620.017, 96
Trd, 258620.317, 97
Trd, 258620.400, 106
Trd, 258620.550, 106
Trd, 258620.950, 84
Trd, 258621.483, 105
Trd, 258622.500, 86
Trd, 258623.100, 95
Trd, 258623.917, 98
Trd, 258624.017, 105
Trd, 258624.050, 106
Trd, 258624.250, 107
Trd, 258624.650, 79
Trd, 258624.700, 106
Trd, 258625.033, 94
Trd, 258625.617, 83
Trd, 258626.000, 84
Trd, 258627.217, 96
Trd, 258627.383, 97
Trd, 258627.400, 98
Trd, 258627.450, 101
Trd, 258627.717, 105
Trd, 258628.750, 102
Trd, 258628.917, 101
Trd, 258629.600, 105
Trd, 258630.033, 105
Trd, 258630.083, 104
Trd, 258630.183, 106
Trd, 258630.467, 94
Trd, 258630.933, 101
Trd, 258630.950, 108
Trd, 258630.983, 109
Trd, 258631.767, 109
Trd, 258631.917, 84
Trd, 258632.233, 107
Trd, 258632.517, 90
Trd, 258632.600, 107
Trd, 258633.183, 107
Trd, 258633.417, 109
Trd, 258633.617, 98
Trd, 258633.933, 97
Trd, 258634.617, 93
Trd, 258634.650, 97
Trd, 258635.183, 102
Trd, 258635.783, 103
Trd, 258635.983, 100
Trd, 258636.700, 98
Trd, 258637.267, 98
Trd, 258638.517, 96
Trd, 258638.550, 94
Trd, 258638.700, 93
Trd, 258638.833, 89
Trd, 258639.150, 99
Trd, 258639.217, 100
Trd, 258639.233, 106
Trd, 258639.850, 86
Trd, 258640.133, 105
Trd, 258640.300, 88
Trd, 258640.833, 85
Trd, 258641.567, 93
Trd, 258642.150, 92
Trd, 258642.267, 92
Trd, 258643.167, 93
Trd, 258643.400, 105
Trd, 258643.917, 97
Trd, 258644.000, 98
Trd, 258644.800, 106
Trd, 258645.667, 104
Trd, 258646.117, 104
Trd, 258646.133, 93
Trd, 258646.483, 105
Trd, 258646.683, 93
Trd, 258646.833, 84
Trd, 258647.183, 85
Trd, 258647.517, 100
Trd, 258648.433, 101
Trd, 258648.917, 99
Trd, 258648.983, 95
Trd, 258649.133, 94
Trd, 258649.417, 93
Trd, 258649.733, 96
Trd, 258650.267, 98
Trd, 258650.567, 97
Trd, 258651.350, 101
Trd, 258651.783, 100
Trd, 258652.383, 98
Trd, 258652.500, 93
Trd, 258652.567, 99
Trd, 258652.783, 99
Trd, 258652.800, 100
Trd, 258653.600, 78
Trd, 258653.917, 96
Trd, 258654.317, 101
Trd, 258654.500, 92
Trd, 258655.867, 100
Trd, 258656.217, 92
Trd, 258656.317, 98
Trd, 258656.383, 97
Trd, 258656.767, 89
Trd, 258656.983, 97
Trd, 258657.500, 94
Trd, 258657.967, 93
Trd, 258658.217, 95
Trd, 258658.417, 90
Trd, 258658.667, 94
Trd, 258658.983, 86
Trd, 258659.367, 85
Trd, 258659.500, 94
Trd, 258659.617, 95
Trd, 258659.800, 100
Trd, 258661.633, 98
Trd, 258661.967, 98
Trd, 258662.083, 99
Trd, 258662.300, 93
Trd, 258662.683, 104
Trd, 258663.683, 98
Trd, 258664.417, 103
Trd, 258664.633, 92
Trd, 258664.667, 93
Trd, 258664.733, 89
Trd, 258665.100, 104
Trd, 258665.150, 106
Trd, 258665.300, 104
Trd, 258665.800, 83
Trd, 258666.317, 107
Trd, 258666.817, 101
Trd, 258667.100, 86
Trd, 258667.467, 100
Trd, 258667.667, 99
Trd, 258668.267, 100
Trd, 258668.300, 101
Trd, 258668.567, 109
Trd, 258669.350, 82
Trd, 258669.633, 112
Trd, 258670.033, 105
Trd, 258670.133, 103
Trd, 258670.300, 103
Trd, 258670.400, 104
Trd, 258670.817, 112
Trd, 258671.167, 94
Trd, 258671.267, 112
Trd, 258671.750, 104
Trd, 258672.467, 109
Trd, 258672.650, 108
Trd, 258673.117, 93
Trd, 258673.467, 106
Trd, 258673.950, 106
Trd, 258674.400, 104
Trd, 258674.417, 105
Trd, 258674.500, 101
Trd, 258675.217, 86
Trd, 258675.750, 85
Trd, 258675.817, 84
Trd, 258675.917, 85
Trd, 258676.183, 87
Trd, 258676.617, 95
Trd, 258677.717, 86
Trd, 258677.883, 95
Trd, 258677.917, 99
Trd, 258678.117, 101
Trd, 258678.283, 98
Trd, 258678.667, 100
Trd, 258679.300, 86
Trd, 258679.583, 103
Trd, 258679.717, 105
Trd, 258679.967, 84
Trd, 258680.633, 100
Trd, 258680.850, 93
Trd, 258680.867, 102
Trd, 258681.800, 106
Trd, 258682.183, 109
Trd, 258682.317, 84
Trd, 258683.167, 103
Trd, 258683.900, 91
Trd, 258684.217, 89
Trd, 258684.517, 92
Trd, 258685.450, 101
Trd, 258685.683, 99
Trd, 258685.700, 102
Trd, 258686.067, 102
Trd, 258686.100, 103
Trd, 258686.667, 102
Trd, 258686.717, 103
Trd, 258687.117, 96
Trd, 258687.317, 93
Trd, 258687.867, 97
Trd, 258688.233, 85
Trd, 258689.367, 91
Trd, 258689.983, 92
Trd, 258690.067, 95
Trd, 258690.217, 100
Trd, 258690.500, 94
Trd, 258690.800, 104
Trd, 258691.933, 106
Trd, 258692.200, 91
Trd, 258692.550, 82
Trd, 258692.917, 93
Trd, 258693.583, 102
Trd, 258693.717, 102
Trd, 258694.233, 94
Trd, 258695.017, 101
Trd, 258695.050, 102
Trd, 258695.117, 95
Trd, 258695.517, 101
Trd, 258695.617, 102
Trd, 258695.833, 106
Trd, 258696.533, 104
Trd, 258696.600, 102
Trd, 258696.917, 101
Trd, 258696.967, 106
Trd, 258697.167, 109
Trd, 258697.300, 92
Trd, 258698.017, 100
Trd, 258698.383, 113
Trd, 258698.500, 114
Trd, 258698.967, 92
Trd, 258699.217, 84
Trd, 258699.567, 100
Trd, 258699.700, 80
Trd, 258700.650, 95
Trd, 258701.083, 98
Trd, 258701.450, 101
Trd, 258701.917, 106
Trd, 258702.750, 105
Trd, 258702.917, 101
Trd, 258703.517, 103
Trd, 258704.167, 100
Trd, 258704.867, 92
Trd, 258705.167, 92
Trd, 258705.817, 92
Trd, 258706.167, 94
Trd, 258706.550, 106
Trd, 258707.383, 101
Trd, 258707.417, 104
Trd, 258707.617, 101
Trd, 258707.850, 104
Trd, 258708.083, 105
Trd, 258708.533, 92
Trd, 258708.617, 111
Trd, 258710.300, 92
Trd, 258710.617, 96
Trd, 258710.783, 96
Trd, 258711.083, 93
Trd, 258711.283, 95
Trd, 258711.383, 101
Trd, 258711.883, 103
Trd, 258712.633, 85
Trd, 258712.667, 97
Trd, 258713.000, 104
Trd, 258713.267, 96
Trd, 258713.533, 106
Trd, 258713.667, 93
Trd, 258714.200, 106
Trd, 258714.467, 107
Trd, 258714.600, 84
Trd, 258715.100, 104
Trd, 258715.850, 96
Trd, 258716.217, 89
Trd, 258716.533, 99
Trd, 258716.683, 81
Trd, 258716.983, 98
Trd, 258717.017, 99
Trd, 258717.300, 92
Trd, 258717.633, 100
Trd, 258717.650, 101
Trd, 258717.867, 109
Trd, 258718.733, 110
Trd, 258718.783, 111
Trd, 258719.233, 100
Trd, 258719.433, 95
Trd, 258719.733, 84
Trd, 258719.900, 79
Trd, 258720.033, 79
Trd, 258720.317, 103
Trd, 258721.100, 101
Trd, 258721.367, 101
Trd, 258721.733, 102
Trd, 258721.883, 102
Trd, 258722.150, 104
Trd, 258722.167, 106
Trd, 258722.267, 109
Trd, 258723.333, 93
Trd, 258724.033, 105
Trd, 258724.333, 101
Trd, 258724.517, 114
Trd, 258725.250, 112
Trd, 258725.317, 108
Trd, 258725.650, 98
Trd, 258725.917, 98
Trd, 258726.183, 87
Trd, 258726.583, 97
Trd, 258726.600, 99
Trd, 258727.200, 100
Trd, 258728.400, 98
Trd, 258729.333, 96
Trd, 258729.967, 98
Trd, 258730.133, 100
Trd, 258730.333, 86
Trd, 258730.417, 100
Trd, 258731.300, 93
Trd, 258732.117, 97
Trd, 258732.500, 95
Trd, 258732.850, 88
Trd, 258732.900, 86
Trd, 258733.000, 95
Trd, 258733.150, 101
Trd, 258734.067, 103
Trd, 258734.300, 103
Trd, 258734.317, 98
Trd, 258734.650, 98
Trd, 258735.050, 103
Trd, 258735.817, 103
Trd, 258736.433, 97
Trd, 258736.700, 96
Trd, 258736.917, 105
Trd, 258736.933, 106
Trd, 258737.017, 108
Trd, 258738.183, 92
Trd, 258738.233, 91
Trd, 258738.650, 89
Trd, 258738.800, 84
Trd, 258739.317, 84
Trd, 258740.600, 103
Trd, 258742.050, 99
Trd, 258742.350, 94
Trd, 258742.433, 100
Trd, 258742.633, 100
Trd, 258742.950, 88
Trd, 258743.117, 98
Trd, 258743.367, 100
Trd, 258743.700, 102
Trd, 258743.883, 99
Trd, 258744.450, 100
Trd, 258745.050, 99
Trd, 258746.150, 94
Trd, 258746.183, 91
Trd, 258746.717, 84
Trd, 258746.750, 101
Trd, 258747.067, 106
Trd, 258747.100, 79
Trd, 258748.067, 105
Trd, 258748.200, 105
Trd, 258748.367, 106
Trd, 258748.383, 103
Trd, 258748.917, 104
Trd, 258749.083, 106
Trd, 258749.167, 101
Trd, 258749.650, 82
Trd, 258750.083, 78
Trd, 258750.800, 88
Trd, 258751.000, 88
Trd, 258751.200, 84
Trd, 258751.600, 90
Trd, 258752.100, 86
Trd, 258752.167, 95
Trd, 258752.433, 105
Trd, 258752.583, 106
Trd, 258753.450, 107
Trd, 258753.667, 103
Trd, 258754.933, 100
Trd, 258755.400, 103
Trd, 258755.933, 104
Trd, 258756.233, 100
Trd, 258756.733, 97
Trd, 258756.767, 87
Trd, 258757.067, 105
Trd, 258757.717, 101
Trd, 258758.483, 101
Trd, 258758.583, 95
Trd, 258758.850, 93
Trd, 258759.233, 100
Trd, 258760.117, 100
Trd, 258760.217, 101
Trd, 258760.417, 89
Trd, 258760.933, 102
Trd, 258761.267, 103
Trd, 258761.300, 104
Trd, 258761.400, 106
Trd, 258762.650, 93
Trd, 258762.883, 93
Trd, 258763.217, 95
Trd, 258763.433, 94
Trd, 258763.483, 95
Trd, 258764.867, 87
Trd, 258764.967, 89
Trd, 258765.400, 89
Trd, 258765.883, 79
Trd, 258765.917, 90
Trd, 258766.083, 97
Trd, 258766.683, 95
Trd, 258766.933, 98
Trd, 258767.050, 93
Trd, 258767.950, 88
Trd, 258768.033, 98
Trd, 258768.217, 99
Trd, 258768.433, 84
Trd, 258769.067, 102
Trd, 258769.233, 103
Trd, 258769.400, 104
Trd, 258769.700, 100
Trd, 258770.383, 91
Trd, 258770.483, 89
Trd, 258770.833, 93
Trd, 258771.333, 106
Trd, 258772.333, 100
Trd, 258773.317, 101
Trd, 258773.550, 99
Trd, 258773.617, 101
Trd, 258774.133, 102
Trd, 258774.233, 104
Trd, 258774.283, 106
Trd, 258774.667, 101
Trd, 258774.833, 93
Trd, 258774.900, 97
Trd, 258775.317, 104
Trd, 258775.417, 99
Trd, 258776.167, 90
Trd, 258776.933, 95
Trd, 258777.250, 100
Trd, 258777.750, 96
Trd, 258777.867, 97
Trd, 258778.067, 99
Trd, 258778.500, 100
Trd, 258778.667, 101
Trd, 258779.017, 90
Trd, 258779.750, 86
Trd, 258779.783, 99
Trd, 258779.950, 85
Trd, 258780.050, 104
Trd, 258780.967, 103
Trd, 258781.350, 99
Trd, 258781.867, 106
Trd, 258782.567, 114
Trd, 258782.967, 113
Trd, 258783.117, 112
Trd, 258783.967, 106
Trd, 258784.367, 106
Trd, 258784.600, 107
Trd, 258784.700, 108
Trd, 258785.183, 95
Trd, 258786.467, 99
Trd, 258786.567, 92
Trd, 258786.600, 104
Trd, 258786.767, 105
Trd, 258787.500, 103
Trd, 258787.700, 101
Trd, 258788.550, 88
Trd, 258788.600, 89
Trd, 258788.633, 101
Trd, 258788.950, 98
Trd, 258789.950, 91
Trd, 258790.367, 86
Trd, 258790.433, 85
Trd, 258790.567, 84
Trd, 258790.667, 93
Trd, 258790.683, 94
Trd, 258790.750, 95
Trd, 258790.783, 79
Trd, 258790.817, 108
Trd, 258791.217, 105
Trd, 258791.300, 107
Trd, 258791.667, 109
Trd, 258792.850, 97
Trd, 258794.017, 91
Trd, 258794.217, 93
Trd, 258794.300, 85
Trd, 258794.433, 94
Trd, 258794.983, 95
Trd, 258795.983, 93
Trd, 258796.000, 96
Trd, 258796.517, 101
Trd, 258796.583, 102
Trd, 258796.717, 105
Trd, 258797.017, 98
Trd, 258797.767, 104
Trd, 258797.933, 106
Trd, 258798.000, 88
Trd, 258798.300, 89
Trd, 258798.383, 111
Trd, 258798.867, 92
Trd, 258799.017, 94
Trd, 258799.433, 109
Trd, 258799.750, 112
Trd, 258799.933, 101
Trd, 258801.083, 96
Trd, 258801.150, 99
Trd, 258801.467, 83
Trd, 258801.717, 100
Trd, 258802.150, 100
Trd, 258802.650, 96
Trd, 258803.583, 93
Trd, 258803.700, 98
Trd, 258803.717, 83
Trd, 258803.800, 99
Trd, 258804.517, 77
Trd, 258805.017, 101
Trd, 258805.417, 101
Trd, 258805.600, 106
Trd, 258805.767, 105
Trd, 258805.867, 87
Trd, 258806.117, 106
Trd, 258806.650, 93
Trd, 258806.817, 92
Trd, 258806.850, 101
Trd, 258806.900, 91
Trd, 258807.517, 109
Trd, 258808.283, 109
Trd, 258809.317, 103
Trd, 258810.300, 99
Trd, 258810.383, 101
Trd, 258810.517, 101
Trd, 258811.067, 99
Trd, 258811.317, 93
Trd, 258811.667, 99
Trd, 258812.067, 98
Trd, 258812.317, 84
Trd, 258812.450, 100
Trd, 258812.567, 101
Trd, 258813.050, 107
Trd, 258814.083, 107
Trd, 258814.417, 108
Trd, 258814.550, 95
Trd, 258814.950, 107
Trd, 258815.367, 84
Trd, 258815.683, 106
Trd, 258815.967, 107
Trd, 258816.450, 107
Trd, 258816.917, 91
Trd, 258817.483, 104
Trd, 258817.583, 101
Trd, 258818.050, 98
Trd, 258818.267, 106
Trd, 258818.450, 97
Trd, 258818.750, 106
Trd, 258819.250, 106
Trd, 258819.267, 109
Trd, 258819.450, 97
Trd, 258819.683, 110
Trd, 258819.933, 88
Trd, 258820.817, 86
Trd, 258821.017, 105
Trd, 258822.283, 96
Trd, 258822.850, 96
Trd, 258823.017, 97
Trd, 258823.567, 89
Trd, 258823.967, 100
Trd, 258824.200, 99
Trd, 258824.450, 101
Trd, 258824.650, 106
Trd, 258824.767, 110
Trd, 258825.133, 101
Trd, 258825.783, 107
Trd, 258826.133, 94
Trd, 258826.217, 93
Trd, 258826.283, 106
Trd, 258826.733, 101
Trd, 258827.017, 98
Trd, 258827.867, 99
Trd, 258827.967, 101
Trd, 258828.067, 91
Trd, 258829.483, 93
Trd, 258829.783, 86
Trd, 258829.883, 97
Trd, 258830.383, 100
Trd, 258830.500, 101
Trd, 258830.617, 107
Trd, 258831.967, 98
Trd, 258832.900, 95
Trd, 258833.367, 95
Trd, 258833.383, 95
Trd, 258833.617, 96
Trd, 258833.683, 94
Trd, 258834.033, 96
Trd, 258834.483, 93
Trd, 258834.617, 97
Trd, 258834.967, 99
Trd, 258835.067, 104
Trd, 258835.400, 104
Trd, 258835.750, 116
Trd, 258837.150, 108
Trd, 258837.517, 105
Trd, 258837.850, 104
Trd, 258838.033, 101
Trd, 258838.100, 105
Trd, 258838.383, 103
Trd, 258838.483, 104
Trd, 258838.800, 105
Trd, 258839.250, 97
Trd, 258839.533, 108
Trd, 258839.600, 87
Trd, 258839.917, 93
Trd, 258840.067, 79
Trd, 258840.350, 108
Trd, 258840.633, 105
Trd, 258840.767, 109
Trd, 258841.500, 88
Trd, 258842.317, 97
Trd, 258842.633, 89
Trd, 258843.067, 86
Trd, 258843.150, 95
Trd, 258843.167, 96
Trd, 258843.350, 95
Trd, 258843.367, 96
Trd, 258843.933, 98
Trd, 258844.433, 84
Trd, 258844.617, 93
Trd, 258844.683, 99
Trd, 258845.000, 101
Trd, 258845.117, 106
Trd, 258845.300, 109
Trd, 258846.417, 100
Trd, 258846.767, 112
Trd, 258847.300, 84
Trd, 258848.217, 107
Trd, 258848.433, 108
Trd, 258849.033, 108
Trd, 258849.200, 102
Trd, 258849.267, 106
Trd, 258849.383, 109
Trd, 258849.400, 102
Trd, 258849.533, 94
Trd, 258849.767, 110
Trd, 258850.150, 112
Trd, 258851.050, 109
Trd, 258851.217, 100
Trd, 258851.667, 97
Trd, 258851.750, 99
Trd, 258852.100, 115
Trd, 258852.650, 111
Trd, 258853.417, 96
Trd, 258854.067, 95
Trd, 258854.200, 96
Trd, 258855.267, 93
Trd, 258855.467, 98
Trd, 258855.783, 99
Trd, 258855.983, 100
Trd, 258856.600, 99
Trd, 258856.833, 98
Trd, 258857.033, 99
Trd, 258857.800, 88
Trd, 258857.883, 99
Trd, 258858.433, 82
Trd, 258858.633, 79
Trd, 258859.133, 102
Trd, 258859.250, 103
Trd, 258859.617, 105
Trd, 258860.183, 95
Trd, 258860.300, 86
Trd, 258860.583, 104
Trd, 258860.867, 84
Trd, 258861.400, 80
Trd, 258861.833, 92
Trd, 258861.967, 93
Trd, 258862.150, 98
Trd, 258862.300, 100
Trd, 258862.450, 101
Trd, 258863.183, 94
Trd, 258863.333, 96
Trd, 258863.867, 99
Trd, 258864.967, 106
Trd, 258865.200, 101
Trd, 258865.917, 109
Trd, 258866.233, 93
Trd, 258866.433, 107
Trd, 258866.617, 104
Trd, 258867.050, 100
Trd, 258867.483, 99
Trd, 258868.067, 98
Trd, 258868.283, 103
Trd, 258868.367, 88
Trd, 258868.733, 104
Trd, 258869.600, 101
Trd, 258869.767, 103
Trd, 258870.033, 103
Trd, 258870.417, 100
Trd, 258870.900, 104
Trd, 258870.917, 105
Trd, 258870.967, 105
Trd, 258871.600, 104
Trd, 258871.750, 105
Trd, 258872.900, 99
Trd, 258873.050, 100
Trd, 258873.817, 92
Trd, 258873.883, 91
Trd, 258874.117, 82
Trd, 258874.183, 79
Trd, 258874.617, 92
Trd, 258874.717, 98
Trd, 258875.567, 103
Trd, 258875.767, 105
Trd, 258876.350, 102
Trd, 258876.367, 103
Trd, 258876.617, 115
Trd, 258876.783, 118
Trd, 258876.833, 99
Trd, 258877.083, 88
Trd, 258878.667, 88
Trd, 258878.967, 89
Trd, 258879.767, 84
Trd, 258880.217, 89
Trd, 258880.267, 90
Trd, 258880.383, 79
Trd, 258880.517, 93
Trd, 258880.550, 97
Trd, 258880.883, 98
Trd, 258880.950, 101
Trd, 258881.333, 106
Trd, 258881.383, 109
Trd, 258882.017, 100
Trd, 258882.067, 105
Trd, 258882.533, 100
Trd, 258882.833, 99
Trd, 258883.217, 107
Trd, 258883.583, 83
Trd, 258883.633, 109
Trd, 258883.950, 108
Trd, 258884.017, 109
Trd, 258884.350, 110
Trd, 258884.367, 96
Trd, 258885.267, 102
Trd, 258886.167, 101
Trd, 258887.400, 98
Trd, 258887.517, 99
Trd, 258887.750, 94
Trd, 258888.200, 94
Trd, 258888.333, 100
Trd, 258888.433, 101
Trd, 258888.617, 107
Trd, 258889.267, 98
Trd, 258889.967, 93
Trd, 258891.100, 103
Trd, 258891.450, 98
Trd, 258892.167, 101
Trd, 258892.217, 83
Trd, 258892.350, 102
Trd, 258892.533, 102
Trd, 258892.750, 102
Trd, 258893.567, 99
Trd, 258894.500, 102
Trd, 258894.783, 100
Trd, 258894.900, 101
Trd, 258894.967, 104
Trd, 258895.183, 105
Trd, 258895.467, 100
Trd, 258896.083, 97
Trd, 258896.633, 104
Trd, 258896.967, 103
Trd, 258897.717, 101
Trd, 258897.950, 104
Trd, 258898.300, 84
Trd, 258898.567, 106
Trd, 258899.117, 94
Trd, 258899.400, 93
Trd, 258899.483, 88
Trd, 258899.900, 95
Trd, 258899.917, 85
Trd, 258900.317, 93
Trd, 258900.617, 101
Trd, 258900.650, 105
Trd, 258900.800, 79
Trd, 258901.150, 98
Trd, 258901.717, 107
Trd, 258902.300, 82
Trd, 258902.550, 104
Trd, 258902.917, 104
Trd, 258903.483, 102
Trd, 258903.783, 94
Trd, 258904.750, 93
Trd, 258905.067, 99
Trd, 258905.650, 98
Trd, 258905.900, 100
Trd, 258906.133, 106
Trd, 258906.433, 106
Trd, 258906.667, 95
Trd, 258906.900, 102
Trd, 258907.167, 106
Trd, 258907.717, 91
Trd, 258909.017, 84
Trd, 258909.350, 87
Trd, 258909.500, 88
Trd, 258909.517, 90
Trd, 258910.000, 89
Trd, 258910.117, 90
Trd, 258910.267, 95
Trd, 258910.633, 91
Trd, 258910.650, 101
Trd, 258911.200, 101
Trd, 258911.267, 100
Trd, 258912.400, 105
Trd, 258912.483, 91
Trd, 258912.850, 105
Trd, 258912.883, 109
Trd, 258913.033, 112
Trd, 258913.767, 93
Trd, 258914.550, 87
Trd, 258914.633, 93
Trd, 258915.050, 90
Trd, 258915.433, 90
Trd, 258915.517, 91
Trd, 258916.167, 83
Trd, 258916.550, 89
Trd, 258916.650, 90
Trd, 258916.767, 90
Trd, 258917.000, 81
Trd, 258917.617, 87
Trd, 258918.567, 91
Trd, 258918.800, 93
Trd, 258919.050, 95
Trd, 258919.317, 95
Trd, 258919.783, 97
Trd, 258919.900, 98
Trd, 258920.050, 101
Trd, 258920.067, 105
Trd, 258920.767, 106
Trd, 258921.283, 99
Trd, 258921.733, 101
Trd, 258922.000, 98
Trd, 258922.217, 104
Trd, 258922.600, 107
Trd, 258923.433, 99
Trd, 258923.683, 84
Trd, 258924.500, 79
Trd, 258924.533, 85
Trd, 258924.950, 100
Trd, 258925.183, 104
Trd, 258925.567, 93
Trd, 258926.200, 85
Trd, 258927.000, 97
Trd, 258927.317, 83
Trd, 258927.617, 97
Trd, 258928.267, 98
Trd, 258928.283, 99
Trd, 258928.550, 99
Trd, 258928.583, 101
Trd, 258928.967, 105
Trd, 258929.717, 104
Trd, 258930.183, 102
Trd, 258930.567, 106
Trd, 258930.917, 109
Trd, 258931.017, 99
Trd, 258931.483, 112
Trd, 258932.250, 109
Trd, 258933.200, 104
Trd, 258933.250, 101
Trd, 258933.617, 93
Trd, 258934.200, 84
Trd, 258934.283, 85
Trd, 258934.850, 94
Trd, 258935.167, 95
Trd, 258935.850, 95
Trd, 258936.033, 96
Trd, 258936.767, 94
Trd, 258936.883, 93
Trd, 258937.400, 93
Trd, 258938.067, 93
Trd, 258938.283, 85
Trd, 258938.300, 94
Trd, 258938.367, 95
Trd, 258938.717, 95
Trd, 258938.733, 85
Trd, 258938.867, 101
Trd, 258938.933, 101
Trd, 258939.183, 106
Trd, 258940.217, 109
Trd, 258940.367, 83
Trd, 258941.067, 84
Trd, 258942.000, 110
Trd, 258943.017, 108
Trd, 258943.067, 102
Trd, 258943.350, 98
Trd, 258943.583, 99
Trd, 258944.200, 95
Trd, 258944.500, 102
Trd, 258944.667, 93
Trd, 258944.900, 101
Trd, 258944.967, 92
Trd, 258945.317, 99
Trd, 258945.367, 100
Trd, 258945.433, 100
Trd, 258945.467, 101
Trd, 258945.633, 100
Trd, 258946.100, 91
Trd, 258946.567, 98
Trd, 258946.950, 101
Trd, 258947.083, 99
Trd, 258947.133, 84
Trd, 258947.217, 106
Trd, 258947.633, 111
Trd, 258948.200, 110
Trd, 258948.433, 111
Trd, 258948.667, 105
Trd, 258949.267, 82
Trd, 258950.367, 100
Trd, 258950.483, 98
Trd, 258950.600, 101
Trd, 258950.667, 103
Trd, 258950.900, 105
Trd, 258951.483, 108
Trd, 258952.283, 109
Trd, 258952.350, 97
Trd, 258952.817, 111
Trd, 258952.900, 112
Trd, 258953.400, 93
Trd, 258954.550, 101
Trd, 258954.883, 105
Trd, 258955.300, 103
Trd, 258955.350, 102
Trd, 258955.383, 91
Trd, 258956.167, 96
Trd, 258956.367, 96
Trd, 258956.683, 97
Trd, 258956.717, 99
Trd, 258957.517, 95
Trd, 258957.667, 108
Trd, 258957.800, 103
Trd, 258958.050, 109
Trd, 258958.150, 84
Trd, 258958.417, 107
Trd, 258959.617, 96
Trd, 258959.750, 97
Trd, 258959.950, 80
Trd, 258960.200, 95
Trd, 258960.367, 98
Trd, 258960.400, 107
Trd, 258960.933, 105
Trd, 258961.417, 105
Trd, 258961.933, 84
Trd, 258962.267, 102
Trd, 258962.367, 103
Trd, 258962.733, 85
Trd, 258963.200, 89
Trd, 258963.883, 103
Trd, 258963.933, 104
Trd, 258964.450, 103
Trd, 258965.050, 103
Trd, 258965.233, 102
Trd, 258965.300, 101
Trd, 258965.733, 103
Trd, 258966.283, 89
Trd, 258966.933, 99
Trd, 258967.450, 106
Trd, 258967.517, 106
Trd, 258967.983, 103
Trd, 258968.433, 94
Trd, 258969.333, 102
Trd, 258969.733, 99
Trd, 258969.900, 102
Trd, 258970.017, 98
Trd, 258970.500, 100
Trd, 258971.050, 93
Trd, 258971.100, 91
Trd, 258971.167, 100
Trd, 258971.350, 105
Trd, 258971.433, 109
Trd, 258971.700, 112
Trd, 258972.350, 118
Trd, 258972.550, 118
Trd, 258972.567, 104
Trd, 258974.217, 111
Trd, 258974.900, 109
Trd, 258976.150, 108
Trd, 258976.400, 105
Trd, 258976.500, 109
Trd, 258976.833, 104
Trd, 258976.967, 102
Trd, 258977.467, 99
Trd, 258977.917, 100
Trd, 258978.117, 101
Trd, 258978.600, 93
Trd, 258978.683, 85
Trd, 258979.017, 84
Trd, 258979.267, 90
Trd, 258980.283, 87
Trd, 258980.933, 86
Trd, 258980.950, 87
Trd, 258981.033, 88
Trd, 258981.283, 95
Trd, 258981.767, 94
Trd, 258982.667, 97
Trd, 258982.783, 98
Trd, 258982.817, 85
Trd, 258983.017, 99
Trd, 258983.333, 101
Trd, 258983.600, 109
Trd, 258984.150, 85
Trd, 258984.233, 98
Trd, 258984.533, 99
Trd, 258984.767, 91
Trd, 258985.700, 92
Trd, 258986.000, 99
Trd, 258986.267, 100
Trd, 258986.283, 101
Trd, 258987.317, 94
Trd, 258987.917, 98
Trd, 258988.117, 99
Trd, 258988.350, 104
Trd, 258988.933, 106
Trd, 258989.067, 109
Trd, 258989.233, 95
Trd, 258989.267, 83
Trd, 258989.400, 94
Trd, 258989.917, 95
Trd, 258989.967, 96
Trd, 258991.417, 85
Trd, 258992.000, 85
Trd, 258992.017, 89
Trd, 258992.150, 82
Trd, 258992.500, 94
Trd, 258992.750, 95
Trd, 258993.833, 76
Trd, 258994.033, 97
Trd, 258994.550, 97
Trd, 258994.867, 97
Trd, 258995.350, 99
Trd, 258995.733, 95
Trd, 258996.517, 96
Trd, 258996.583, 91
Trd, 258997.067, 99
Trd, 258997.533, 101
Trd, 258997.850, 94
Trd, 258997.917, 97
Trd, 258998.050, 87
Trd, 258998.400, 97
Trd, 258998.450, 98
Trd, 258998.850, 106
Trd, 259000.100, 104
Trd, 259000.133, 104
Trd, 259001.217, 101
Trd, 259001.383, 104
Trd, 259002.233, 103
Trd, 259003.100, 94
Trd, 259003.117, 95
Trd, 259003.150, 103
Trd, 259003.333, 104
Trd, 259003.367, 104
Trd, 259003.400, 85
Trd, 259003.467, 82
Trd, 259004.167, 105
Trd, 259004.250, 111
Trd, 259004.917, 109
Trd, 259005.017, 110
Trd, 259005.683, 99
Trd, 259006.200, 98
Trd, 259006.333, 106
Trd, 259007.150, 81
Trd, 259007.217, 97
Trd, 259007.800, 86
Trd, 259007.983, 87
Trd, 259008.067, 104
Trd, 259008.150, 109
Trd, 259008.850, 112
Trd, 259009.517, 104
Trd, 259010.133, 103
Trd, 259010.433, 101
Trd, 259011.000, 91
Trd, 259011.267, 99
Trd, 259012.083, 96
Trd, 259012.283, 96
Trd, 259012.750, 93
Trd, 259012.833, 101
Trd, 259013.183, 97
Trd, 259013.367, 98
Trd, 259013.867, 104
Trd, 259014.167, 92
Trd, 259014.483, 87
Trd, 259014.967, 100
Trd, 259015.283, 100
Trd, 259015.450, 106
Trd, 259015.933, 100
Trd, 259016.150, 108
Trd, 259016.783, 107
Trd, 259017.033, 93
Trd, 259017.300, 104
Trd, 259017.733, 104
Trd, 259017.900, 106
Trd, 259018.133, 98
Trd, 259018.417, 108
Trd, 259018.533, 96
Trd, 259019.217, 96
Trd, 259019.500, 101
Trd, 259019.550, 109
Trd, 259020.317, 93
Trd, 259021.133, 94
Trd, 259021.150, 101
Trd, 259021.450, 102
Trd, 259022.117, 101
Trd, 259022.567, 104
Trd, 259022.917, 105
Trd, 259023.133, 88
Trd, 259023.883, 103
Trd, 259024.250, 103
Trd, 259024.350, 105
Trd, 259024.733, 104
Trd, 259024.800, 105
Trd, 259025.183, 103
Trd, 259025.650, 104
Trd, 259025.783, 99
Trd, 259025.850, 84
Trd, 259026.283, 105
Trd, 259026.383, 106
Trd, 259026.833, 85
Trd, 259026.983, 105
Trd, 259027.000, 83
Trd, 259027.133, 79
Trd, 259027.533, 94
Trd, 259027.583, 96
Trd, 259027.683, 107
Trd, 259028.483, 103
Trd, 259028.583, 107
Trd, 259028.683, 94
Trd, 259028.817, 108
Trd, 259029.367, 93
Trd, 259030.683, 102
Trd, 259031.000, 102
Trd, 259031.417, 105
Trd, 259031.800, 97
Trd, 259031.867, 105
Trd, 259031.917, 97
Trd, 259032.017, 106
Trd, 259032.333, 96
Trd, 259032.750, 93
Trd, 259032.950, 104
Trd, 259033.583, 87
Trd, 259034.000, 89
Trd, 259035.217, 86
Trd, 259035.517, 84
Trd, 259035.667, 85
Trd, 259035.917, 90
Trd, 259035.983, 94
Trd, 259036.667, 95
Trd, 259036.683, 105
Trd, 259037.300, 81
Trd, 259037.517, 82
Trd, 259037.683, 79
Trd, 259037.783, 83
Trd, 259037.817, 98
Trd, 259038.083, 91
Trd, 259038.100, 83
Trd, 259038.733, 79
Trd, 259039.300, 94
Trd, 259039.600, 103
Trd, 259039.933, 105
Trd, 259040.467, 106
Trd, 259041.033, 108
Trd, 259041.933, 95
Trd, 259042.433, 99
Trd, 259043.167, 94
Trd, 259043.233, 93
Trd, 259043.433, 98
Trd, 259043.533, 101
Trd, 259044.117, 106
Trd, 259044.217, 97
Trd, 259044.600, 100
Trd, 259044.717, 105
Trd, 259044.867, 105
Trd, 259045.800, 84
Trd, 259046.050, 103
Trd, 259046.350, 103
Trd, 259046.483, 104
Trd, 259047.867, 101
Trd, 259048.250, 101
Trd, 259048.750, 101
Trd, 259049.083, 101
Trd, 259049.133, 104
Trd, 259049.317, 104
Trd, 259049.767, 104
Trd, 259049.867, 106
Trd, 259049.883, 94
Trd, 259049.967, 91
Trd, 259050.200, 98
Trd, 259051.333, 101
Trd, 259051.467, 94
Trd, 259051.483, 103
Trd, 259052.117, 100
Trd, 259052.233, 104
Trd, 259052.900, 97
Trd, 259053.483, 109
Trd, 259053.817, 97
Trd, 259053.933, 108
Trd, 259053.950, 109
Trd, 259054.633, 103
Trd, 259055.100, 86
Trd, 259056.067, 101
Trd, 259056.433, 97
Trd, 259056.483, 98
Trd, 259057.117, 98
Trd, 259057.333, 99
Trd, 259057.600, 99
Trd, 259057.850, 95
Trd, 259057.883, 104
Trd, 259057.917, 105
Trd, 259058.617, 101
Trd, 259058.750, 97
Trd, 259059.150, 94
Trd, 259059.750, 97
Trd, 259060.617, 93
Trd, 259061.033, 95
Trd, 259061.550, 94
Trd, 259061.600, 96
Trd, 259062.550, 90
Trd, 259062.617, 95
Trd, 259062.767, 97
Trd, 259063.217, 98
Trd, 259063.233, 101
Trd, 259064.383, 85
Trd, 259064.567, 103
Trd, 259064.683, 92
Trd, 259064.867, 102
Trd, 259064.900, 82
Trd, 259065.683, 96
Trd, 259066.133, 89
Trd, 259066.333, 95
Trd, 259066.867, 95
Trd, 259067.367, 96
Trd, 259067.667, 83
Trd, 259068.067, 96
Trd, 259068.583, 84
Trd, 259068.667, 94
Trd, 259069.200, 92
Trd, 259069.333, 93
Trd, 259069.800, 98
Trd, 259069.900, 88
Trd, 259070.100, 100
Trd, 259070.667, 94
Trd, 259070.683, 94
Trd, 259071.483, 92
Trd, 259071.717, 95
Trd, 259071.800, 101
Trd, 259072.333, 97
Trd, 259073.483, 87
Trd, 259073.533, 95
Trd, 259073.617, 84
Trd, 259073.867, 95
Trd, 259074.533, 92
Trd, 259074.600, 95
Trd, 259074.883, 96
Trd, 259074.933, 100
Trd, 259075.467, 93
Trd, 259076.567, 102
Trd, 259076.817, 106
Trd, 259076.833, 94
Trd, 259077.033, 104
Trd, 259077.150, 92
Trd, 259077.833, 93
Trd, 259078.333, 97
Trd, 259078.700, 98
Trd, 259078.833, 100
Trd, 259080.017, 89
Trd, 259080.067, 95
Trd, 259080.133, 101
Trd, 259080.250, 106
Trd, 259080.383, 99
Trd, 259081.433, 104
Trd, 259081.900, 104
Trd, 259081.917, 109
Trd, 259082.283, 103
Trd, 259082.517, 101
Trd, 259082.950, 112
Trd, 259083.283, 107
Trd, 259084.583, 100
Trd, 259084.617, 87
Trd, 259085.550, 84
Trd, 259085.750, 91
Trd, 259085.850, 94
Trd, 259085.967, 95
Trd, 259086.433, 94
Trd, 259086.467, 95
Trd, 259087.133, 82
Trd, 259087.550, 87
Trd, 259087.883, 95
Trd, 259087.967, 87
Trd, 259088.567, 93
Trd, 259088.633, 79
Trd, 259089.117, 101
Trd, 259089.167, 106
Trd, 259089.883, 97
Trd, 259090.517, 93
Trd, 259090.633, 97
Trd, 259090.717, 99
Trd, 259091.900, 102
Trd, 259092.050, 103
Trd, 259092.100, 100
Trd, 259092.583, 104
Trd, 259092.650, 105
Trd, 259093.117, 102
Trd, 259093.467, 106
Trd, 259093.483, 93
Trd, 259094.217, 93
Trd, 259094.417, 90
Trd, 259094.500, 113
Trd, 259095.100, 84
Trd, 259095.333, 96
Trd, 259095.617, 102
Trd, 259096.317, 84
Trd, 259096.650, 79
Trd, 259096.733, 92
Trd, 259097.450, 90
Trd, 259098.033, 91
Trd, 259098.283, 90
Trd, 259098.500, 90
Trd, 259098.917, 95
Trd, 259099.850, 106
Trd, 259100.000, 96
Trd, 259100.750, 98
Trd, 259100.800, 98
Trd, 259101.250, 96
Trd, 259101.717, 94
Trd, 259101.767, 92
Trd, 259102.017, 81
Trd, 259102.117, 99
Trd, 259102.183, 100
Trd, 259102.517, 100
Trd, 259102.533, 104
Trd, 259102.867, 92
Trd, 259103.900, 99
Trd, 259104.050, 101
Trd, 259104.483, 100
Trd, 259105.033, 93
Trd, 259105.750, 91
Trd, 259105.817, 85
Trd, 259105.950, 93
Trd, 259106.517, 93
Trd, 259107.067, 94
Trd, 259107.683, 105
Trd, 259108.217, 100
Trd, 259108.517, 103
Trd, 259108.850, 101
Trd, 259109.100, 93
Trd, 259109.133, 84
Trd, 259109.400, 93
Trd, 259109.633, 94
Trd, 259110.150, 95
Trd, 259110.167, 96
Trd, 259110.767, 95
Trd, 259110.833, 96
Trd, 259111.033, 106
Trd, 259112.750, 103
Trd, 259113.017, 104
Trd, 259113.333, 95
Trd, 259113.400, 85
Trd, 259113.433, 107
Trd, 259114.117, 74
Trd, 259114.350, 87
Trd, 259114.783, 81
Trd, 259115.283, 81
Trd, 259115.317, 82
Trd, 259115.383, 90
Trd, 259115.517, 94
Trd, 259115.617, 95
Trd, 259116.383, 93
Trd, 259117.150, 90
Trd, 259117.167, 97
Trd, 259117.300, 98
Trd, 259117.400, 107
Trd, 259118.250, 107
Trd, 259118.300, 108
Trd, 259118.900, 107
Trd, 259119.067, 109
Trd, 259119.300, 92
Trd, 259119.417, 84
Trd, 259120.417, 85
Trd, 259120.433, 109
Trd, 259121.283, 92
Trd, 259121.300, 93
Trd, 259122.217, 92
Trd, 259122.533, 93
Trd, 259123.033, 86
Trd, 259123.050, 87
Trd, 259123.717, 89
Trd, 259123.900, 93
Trd, 259124.583, 93
Trd, 259125.200, 94
Trd, 259125.400, 90
Trd, 259125.783, 95
Trd, 259125.950, 100
Trd, 259126.333, 85
Trd, 259126.833, 84
Trd, 259126.967, 99
Trd, 259127.317, 103
Trd, 259127.350, 87
Trd, 259127.800, 103
Trd, 259127.850, 104
Trd, 259129.200, 109
Trd, 259129.550, 104
Trd, 259130.067, 109
Trd, 259130.167, 101
Trd, 259130.250, 81
Trd, 259130.600, 106
Trd, 259131.050, 93
Trd, 259131.267, 105
Trd, 259132.083, 103
Trd, 259132.200, 104
Trd, 259132.383, 105
Trd, 259132.783, 99
Trd, 259133.167, 101
Trd, 259133.183, 103
Trd, 259133.400, 90
Trd, 259133.567, 79
Trd, 259134.517, 99
Trd, 259134.683, 86
Trd, 259134.883, 99
Trd, 259134.967, 100
Trd, 259135.083, 96
Trd, 259135.100, 104
Trd, 259135.250, 101
Trd, 259136.567, 95
Trd, 259136.817, 103
Trd, 259137.367, 101
Trd, 259137.550, 95
Trd, 259138.167, 104
Trd, 259138.250, 101
Trd, 259139.550, 100
Trd, 259139.733, 100
Trd, 259139.883, 92
Trd, 259140.067, 103
Trd, 259140.117, 104
Trd, 259140.217, 109
Trd, 259141.217, 92
Trd, 259141.667, 83
Trd, 259141.733, 93
Trd, 259142.283, 99
Trd, 259142.450, 84
Trd, 259143.367, 99
Trd, 259143.433, 100
Trd, 259143.683, 94
Trd, 259144.450, 85
Trd, 259144.833, 99
Trd, 259145.150, 100
Trd, 259145.500, 104
Trd, 259145.933, 98
Trd, 259146.233, 101
Trd, 259146.283, 101
Trd, 259146.567, 106
Trd, 259146.783, 109
Trd, 259147.100, 93
Trd, 259147.250, 112
Trd, 259147.700, 79
Trd, 259148.400, 93
Trd, 259148.767, 95
Trd, 259148.983, 96
Trd, 259149.217, 96
Trd, 259149.583, 96
Trd, 259149.683, 99
Trd, 259149.967, 100
Trd, 259150.300, 101
Trd, 259151.567, 97
Trd, 259151.667, 93
Trd, 259151.700, 101
Trd, 259152.417, 87
Trd, 259152.917, 105
Trd, 259152.967, 84
Trd, 259153.583, 94
Trd, 259153.600, 108
Trd, 259155.000, 102
Trd, 259155.533, 96
Trd, 259155.650, 99
Trd, 259156.017, 92
Trd, 259156.100, 98
Trd, 259157.017, 98
Trd, 259157.283, 98
Trd, 259157.483, 94
Trd, 259157.800, 93
Trd, 259158.117, 94
Trd, 259158.367, 95
Trd, 259158.700, 95
Trd, 259158.817, 101
Trd, 259159.133, 92
Trd, 259159.450, 93
Trd, 259159.483, 84
Trd, 259159.667, 104
Trd, 259160.683, 97
Trd, 259160.850, 98
Trd, 259161.450, 99
Trd, 259161.917, 99
Trd, 259162.367, 92
Trd, 259162.583, 98
Trd, 259162.950, 98
Trd, 259163.267, 101
Trd, 259163.467, 93
Trd, 259163.817, 85
Trd, 259163.833, 87
Trd, 259164.133, 95
Trd, 259164.283, 96
Trd, 259164.400, 104
Trd, 259165.467, 103
Trd, 259166.733, 98
Trd, 259167.650, 92
Trd, 259168.667, 98
Trd, 259169.233, 92
Trd, 259169.550, 92
Trd, 259169.917, 89
Trd, 259170.067, 93
Trd, 259170.200, 79
Trd, 259170.450, 93
Trd, 259170.983, 94
Trd, 259171.050, 95
Trd, 259171.067, 106
Trd, 259171.450, 99
Trd, 259171.750, 101
Trd, 259171.867, 109
Trd, 259172.367, 110
Trd, 259172.450, 111
Trd, 259172.717, 101
Trd, 259172.967, 101
Trd, 259173.683, 105
Trd, 259173.867, 100
Trd, 259174.150, 106
Trd, 259174.883, 92
Trd, 259175.350, 106
Trd, 259175.600, 85
Trd, 259176.167, 93
Trd, 259176.183, 94
Trd, 259176.617, 99
Trd, 259176.683, 96
Trd, 259177.100, 100
Trd, 259177.167, 85
Trd, 259177.383, 99
Trd, 259177.433, 100
Trd, 259178.083, 93
Trd, 259178.117, 99
Trd, 259178.267, 106
Trd, 259178.600, 106
Trd, 259179.350, 104
Trd, 259181.600, 101
Trd, 259182.483, 102
Trd, 259182.667, 103
Trd, 259183.833, 98
Trd, 259184.100, 98
Trd, 259184.550, 98
Trd, 259184.717, 100
Trd, 259184.833, 89
Trd, 259184.917, 100
Trd, 259185.733, 95
Trd, 259185.817, 100
Trd, 259185.833, 101
Trd, 259186.183, 107
Trd, 259186.550, 94
Trd, 259186.683, 109
Trd, 259186.717, 95
Trd, 259186.867, 94
Trd, 259187.700, 108
Trd, 259187.800, 93
Trd, 259188.583, 107
Trd, 259189.450, 103
Trd, 259190.500, 102
Trd, 259190.633, 92
Trd, 259191.050, 101
Trd, 259191.767, 101
Trd, 259192.117, 101
Trd, 259192.433, 102
Trd, 259192.583, 104
Trd, 259192.933, 112
Trd, 259192.950, 104
Trd, 259192.967, 101
Trd, 259193.500, 93
Trd, 259193.683, 111
Trd, 259194.350, 98
Trd, 259194.483, 102
Trd, 259195.683, 91
Trd, 259195.833, 94
Trd, 259195.867, 99
Trd, 259196.583, 82
Trd, 259196.600, 81
Trd, 259196.617, 99
Trd, 259197.083, 95
Trd, 259197.117, 97
Trd, 259197.450, 93
Trd, 259197.750, 97
Trd, 259198.083, 93
Trd, 259198.233, 97
Trd, 259198.950, 98
Trd, 259198.983, 98
