Trd, 258478.217, 108
Trd, 258478.533, 115
Trd, 258478.733, 113
Trd, 258479.667, 119
Trd, 258479.700, 116
Trd, 258479.933, 110
Trd, 258480.400, 96
Trd, 258480.467, 93
Trd, 258481.100, 103
Trd, 258481.183, 97
Trd, 258481.317, 106
Trd, 258483.417, 106
Trd, 258483.517, 94
Trd, 258483.867, 104
Trd, 258484.067, 112
Trd, 258485.483, 98
Trd, 258485.667, 105
Trd, 258487.450, 112
Trd, 258487.850, 110
Trd, 258488.000, 105
Trd, 258488.183, 108
Trd, 258489.283, 115
Trd, 258489.650, 122
Trd, 258489.783, 114
Trd, 258490.417, 105
Trd, 258490.650, 100
Trd, 258491.350, 115
Trd, 258491.783, 106
Trd, 258492.883, 108
Trd, 258492.933, 93
Trd, 258493.367, 105
Trd, 258494.183, 111
Trd, 258494.550, 92
Trd, 258494.917, 109
Trd, 258495.767, 93
Trd, 258497.250, 109
Trd, 258497.483, 93
Trd, 258497.500, 89
Trd, 258498.483, 113
Trd, 258498.517, 107
Trd, 258499.617, 104
Trd, 258499.733, 105
Trd, 258500.317, 101
Trd, 258501.250, 97
Trd, 258501.650, 94
Trd, 258501.717, 94
Trd, 258501.917, 95
Trd, 258503.417, 113
Trd, 258503.883, 117
Trd, 258504.300, 104
Trd, 258504.500, 96
Trd, 258504.700, 94
Trd, 258505.050, 91
Trd, 258505.067, 104
Trd, 258505.433, 115
Trd, 258505.583, 95
Trd, 258506.733, 89
Trd, 258507.283, 124
Trd, 258508.500, 117
Trd, 258509.050, 108
Trd, 258509.083, 99
Trd, 258509.533, 111
Trd, 258509.767, 96
Trd, 258510.467, 99
Trd, 258510.583, 96
Trd, 258510.883, 91
Trd, 258511.633, 99
Trd, 258511.833, 95
Trd, 258512.783, 121
Trd, 258513.400, 98
Trd, 258514.067, 94
Trd, 258514.400, 107
Trd, 258514.483, 88
Trd, 258515.617, 85
Trd, 258516.350, 125
Trd, 258516.917, 122
Trd, 258516.950, 121
Trd, 258517.567, 103
Trd, 258517.800, 100
Trd, 258517.917, 92
Trd, 258519.233, 112
Trd, 258519.833, 93
Trd, 258520.400, 102
Trd, 258520.517, 109
Trd, 258520.650, 117
Trd, 258521.083, 100
Trd, 258521.333, 93
Trd, 258521.617, 91
Trd, 258521.900, 94
Trd, 258522.467, 109
Trd, 258522.767, 95
Trd, 258522.917, 106
Trd, 258523.283, 109
Trd, 258523.317, 91
Trd, 258523.950, 93
Trd, 258524.500, 102
Trd, 258524.983, 100
Trd, 258525.083, 98
Trd, 258525.933, 95
Trd, 258526.917, 103
Trd, 258527.483, 123
Trd, 258527.683, 97
Trd, 258527.933, 91
Trd, 258528.167, 95
Trd, 258528.383, 102
Trd, 258528.833, 93
Trd, 258528.850, 105
Trd, 258529.100, 89
Trd, 258530.367, 97
Trd, 258530.850, 103
Trd, 258531.417, 111
Trd, 258532.000, 114
Trd, 258532.200, 99
Trd, 258533.050, 100
Trd, 258533.450, 94
Trd, 258533.683, 91
Trd, 258533.833, 91
Trd, 258535.417, 102
Trd, 258536.467, 104
Trd, 258536.617, 94
Trd, 258537.283, 121
Trd, 258537.617, 106
Trd, 258537.817, 105
Trd, 258537.967, 101
Trd, 258538.000, 119
Trd, 258539.400, 117
Trd, 258539.950, 94
Trd, 258540.283, 95
Trd, 258540.383, 102
Trd, 258540.617, 90
Trd, 258540.717, 101
Trd, 258541.083, 96
Trd, 258541.217, 88
Trd, 258543.233, 100
Trd, 258543.733, 102
Trd, 258543.867, 93
Trd, 258544.000, 89
Trd, 258544.633, 93
Trd, 258545.383, 113
Trd, 258545.883, 103
Trd, 258546.900, 106
Trd, 258547.450, 107
Trd, 258547.767, 96
Trd, 258548.933, 111
Trd, 258550.083, 118
Trd, 258550.933, 105
Trd, 258551.500, 108
Trd, 258551.800, 105
Trd, 258552.700, 106
Trd, 258553.100, 105
Trd, 258553.400, 101
Trd, 258553.467, 106
Trd, 258553.767, 109
Trd, 258554.500, 112
Trd, 258555.200, 100
Trd, 258555.983, 110
Trd, 258556.417, 97
Trd, 258556.950, 101
Trd, 258557.883, 101
Trd, 258558.150, 99
Trd, 258558.833, 98
Trd, 258559.083, 113
Trd, 258559.300, 94
Trd, 258559.683, 100
Trd, 258560.717, 101
Trd, 258561.317, 93
Trd, 258561.433, 100
Trd, 258562.133, 100
Trd, 258562.333, 97
Trd, 258562.533, 101
Trd, 258562.617, 89
Trd, 258562.833, 92
Trd, 258562.917, 101
Trd, 258564.500, 89
Trd, 258565.333, 91
Trd, 258565.450, 98
Trd, 258566.133, 86
Trd, 258566.867, 97
Trd, 258567.117, 100
Trd, 258568.267, 83
Trd, 258569.183, 84
Trd, 258569.667, 91
Trd, 258570.650, 88
Trd, 258570.750, 102
Trd, 258570.883, 94
Trd, 258571.400, 91
Trd, 258571.433, 97
Trd, 258571.717, 96
Trd, 258572.183, 102
Trd, 258572.817, 91
Trd, 258575.033, 96
Trd, 258575.083, 98
Trd, 258575.633, 93
Trd, 258576.250, 115
Trd, 258576.300, 93
Trd, 258576.717, 109
Trd, 258577.517, 112
Trd, 258577.867, 103
Trd, 258578.017, 98
Trd, 258578.183, 118
Trd, 258578.633, 117
Trd, 258578.833, 103
Trd, 258579.433, 107
Trd, 258580.417, 111
Trd, 258580.533, 109
Trd, 258580.850, 101
Trd, 258581.217, 101
Trd, 258581.800, 104
Trd, 258583.033, 110
Trd, 258583.083, 108
Trd, 258583.883, 130
Trd, 258584.900, 99
Trd, 258585.133, 94
Trd, 258585.533, 99
Trd, 258585.883, 89
Trd, 258585.967, 88
Trd, 258586.433, 102
Trd, 258586.467, 114
Trd, 258586.683, 82
Trd, 258586.900, 121
Trd, 258587.817, 84
Trd, 258588.883, 97
Trd, 258589.733, 116
Trd, 258589.950, 120
Trd, 258590.317, 98
Trd, 258590.650, 95
Trd, 258591.733, 107
Trd, 258591.950, 104
Trd, 258591.983, 96
Trd, 258592.050, 80
Trd, 258592.583, 97
Trd, 258593.117, 101
Trd, 258593.967, 91
Trd, 258594.400, 107
Trd, 258594.683, 94
Trd, 258594.850, 96
Trd, 258595.567, 113
Trd, 258596.417, 103
Trd, 258596.633, 107
Trd, 258596.833, 99
Trd, 258596.917, 96
Trd, 258597.867, 104
Trd, 258597.933, 100
Trd, 258599.217, 118
Trd, 258599.400, 96
Trd, 258599.433, 115
Trd, 258600.017, 119
Trd, 258600.600, 109
Trd, 258600.917, 101
Trd, 258600.933, 100
Trd, 258601.033, 106
Trd, 258601.217, 99
Trd, 258603.150, 90
Trd, 258603.200, 100
Trd, 258603.217, 115
Trd, 258604.750, 86
Trd, 258604.883, 88
Trd, 258605.400, 90
Trd, 258605.633, 85
Trd, 258605.850, 94
Trd, 258605.967, 103
Trd, 258606.617, 89
Trd, 258607.367, 113
Trd, 258608.783, 102
Trd, 258609.317, 105
Trd, 258609.367, 101
Trd, 258609.500, 97
Trd, 258610.217, 113
Trd, 258610.917, 102
Trd, 258611.883, 115
Trd, 258612.100, 112
Trd, 258612.167, 106
Trd, 258612.350, 96
Trd, 258613.600, 116
Trd, 258613.867, 90
Trd, 258614.267, 105
Trd, 258614.300, 97
Trd, 258614.450, 105
Trd, 258615.650, 114
Trd, 258616.750, 95
Trd, 258617.267, 102
Trd, 258618.950, 100
Trd, 258619.267, 103
Trd, 258619.533, 95
Trd, 258619.800, 109
Trd, 258620.217, 118
Trd, 258620.917, 116
Trd, 258621.550, 98
Trd, 258622.017, 101
Trd, 258622.083, 97
Trd, 258622.333, 91
Trd, 258622.617, 89
Trd, 258622.917, 84
Trd, 258623.817, 108
Trd, 258624.150, 106
Trd, 258625.500, 105
Trd, 258625.617, 102
Trd, 258626.133, 102
Trd, 258626.383, 98
Trd, 258627.550, 110
Trd, 258627.783, 111
Trd, 258628.550, 104
Trd, 258629.717, 98
Trd, 258629.800, 103
Trd, 258630.717, 106
Trd, 258630.800, 104
Trd, 258631.850, 102
Trd, 258631.917, 107
Trd, 258632.833, 107
Trd, 258634.450, 98
Trd, 258634.867, 112
Trd, 258635.050, 103
Trd, 258635.100, 110
Trd, 258635.367, 96
Trd, 258636.167, 111
Trd, 258636.350, 100
Trd, 258638.017, 113
Trd, 258638.183, 109
Trd, 258638.317, 102
Trd, 258638.667, 101
Trd, 258639.083, 106
Trd, 258639.383, 95
Trd, 258639.717, 105
Trd, 258639.950, 89
Trd, 258640.467, 105
Trd, 258641.500, 105
Trd, 258641.717, 114
Trd, 258643.400, 102
Trd, 258643.917, 101
Trd, 258644.000, 102
Trd, 258644.233, 99
Trd, 258644.267, 94
Trd, 258644.450, 98
Trd, 258644.817, 118
Trd, 258645.067, 100
Trd, 258645.600, 107
Trd, 258645.967, 108
Trd, 258646.483, 93
Trd, 258646.833, 107
Trd, 258648.383, 108
Trd, 258648.517, 105
Trd, 258649.250, 106
Trd, 258649.967, 95
Trd, 258650.067, 95
Trd, 258650.733, 101
Trd, 258651.217, 98
Trd, 258651.250, 91
Trd, 258651.300, 91
Trd, 258652.950, 112
Trd, 258653.233, 104
Trd, 258653.883, 115
Trd, 258654.300, 105
Trd, 258655.833, 112
Trd, 258656.267, 101
Trd, 258656.933, 95
Trd, 258657.183, 99
Trd, 258658.400, 112
Trd, 258658.583, 119
Trd, 258658.750, 112
Trd, 258658.833, 110
Trd, 258659.250, 106
Trd, 258659.283, 103
Trd, 258659.717, 103
Trd, 258659.917, 92
Trd, 258660.883, 90
Trd, 258660.917, 96
Trd, 258661.017, 99
Trd, 258661.333, 103
Trd, 258662.683, 111
Trd, 258663.183, 110
Trd, 258663.700, 119
Trd, 258663.800, 105
Trd, 258664.283, 103
Trd, 258665.100, 101
Trd, 258666.050, 103
Trd, 258667.100, 102
Trd, 258667.550, 95
Trd, 258667.633, 92
Trd, 258667.733, 100
Trd, 258667.800, 101
Trd, 258668.783, 96
Trd, 258669.150, 94
Trd, 258669.600, 86
Trd, 258670.950, 94
Trd, 258671.283, 98
Trd, 258671.883, 100
Trd, 258671.983, 99
Trd, 258672.900, 95
Trd, 258672.917, 91
Trd, 258673.883, 100
Trd, 258674.167, 108
Trd, 258675.767, 100
Trd, 258675.883, 96
Trd, 258676.033, 94
Trd, 258676.400, 99
Trd, 258676.883, 99
Trd, 258677.517, 101
Trd, 258677.933, 104
Trd, 258679.517, 90
Trd, 258680.233, 102
Trd, 258681.033, 95
Trd, 258681.767, 101
Trd, 258682.000, 100
Trd, 258682.567, 94
Trd, 258683.000, 97
Trd, 258683.217, 97
Trd, 258684.083, 109
Trd, 258684.617, 100
Trd, 258685.383, 106
Trd, 258685.583, 88
Trd, 258686.083, 99
Trd, 258686.350, 98
Trd, 258686.433, 107
Trd, 258686.500, 95
Trd, 258686.833, 108
Trd, 258687.300, 88
Trd, 258687.900, 110
Trd, 258688.567, 114
Trd, 258689.650, 88
Trd, 258690.483, 118
Trd, 258690.817, 99
Trd, 258691.267, 102
Trd, 258691.567, 101
Trd, 258692.750, 97
Trd, 258692.783, 91
Trd, 258693.000, 89
Trd, 258693.833, 102
Trd, 258693.917, 94
Trd, 258694.100, 111
Trd, 258694.550, 86
Trd, 258694.567, 83
Trd, 258694.783, 87
Trd, 258695.617, 95
Trd, 258696.033, 89
Trd, 258696.317, 90
Trd, 258696.567, 100
Trd, 258696.650, 88
Trd, 258697.733, 86
Trd, 258697.883, 93
Trd, 258700.533, 113
Trd, 258701.233, 94
Trd, 258701.600, 99
Trd, 258701.617, 120
Trd, 258701.750, 122
Trd, 258702.383, 91
Trd, 258702.667, 90
Trd, 258703.600, 98
Trd, 258703.667, 102
Trd, 258704.150, 100
Trd, 258704.433, 106
Trd, 258704.883, 102
Trd, 258705.200, 95
Trd, 258706.033, 99
Trd, 258706.050, 96
Trd, 258706.683, 95
Trd, 258707.017, 92
Trd, 258708.450, 98
Trd, 258708.633, 114
Trd, 258709.233, 114
Trd, 258709.517, 123
Trd, 258709.533, 94
Trd, 258710.517, 104
Trd, 258711.717, 98
Trd, 258712.300, 96
Trd, 258712.583, 96
Trd, 258713.550, 91
Trd, 258713.683, 113
Trd, 258713.950, 117
Trd, 258714.583, 119
Trd, 258714.683, 113
Trd, 258714.917, 109
Trd, 258715.433, 104
Trd, 258716.283, 107
Trd, 258716.600, 106
Trd, 258717.633, 94
Trd, 258718.633, 118
Trd, 258719.867, 117
Trd, 258720.133, 99
Trd, 258720.550, 98
Trd, 258721.067, 117
Trd, 258721.217, 103
Trd, 258721.700, 96
Trd, 258722.233, 101
Trd, 258722.517, 100
Trd, 258722.717, 107
Trd, 258722.800, 94
Trd, 258723.467, 110
Trd, 258724.367, 111
Trd, 258724.417, 94
Trd, 258724.983, 94
Trd, 258725.250, 111
Trd, 258726.183, 84
Trd, 258726.250, 95
Trd, 258727.167, 87
Trd, 258727.467, 106
Trd, 258728.117, 100
Trd, 258728.133, 96
Trd, 258728.333, 93
Trd, 258728.767, 104
Trd, 258728.933, 107
Trd, 258729.083, 115
Trd, 258729.833, 120
Trd, 258729.917, 113
Trd, 258731.133, 110
Trd, 258731.183, 105
Trd, 258731.200, 100
Trd, 258731.800, 98
Trd, 258732.417, 96
Trd, 258733.333, 106
Trd, 258734.117, 109
Trd, 258734.317, 123
Trd, 258735.483, 105
Trd, 258735.533, 92
Trd, 258736.083, 105
Trd, 258736.633, 100
Trd, 258737.450, 113
Trd, 258737.550, 123
Trd, 258738.083, 123
Trd, 258738.350, 112
Trd, 258738.667, 97
Trd, 258739.200, 100
Trd, 258739.350, 87
Trd, 258739.500, 89
Trd, 258740.750, 99
Trd, 258741.583, 104
Trd, 258741.733, 103
Trd, 258741.850, 123
Trd, 258742.050, 106
Trd, 258743.283, 99
Trd, 258744.533, 104
Trd, 258744.817, 96
Trd, 258745.733, 97
Trd, 258745.817, 109
Trd, 258746.867, 114
Trd, 258747.117, 101
Trd, 258748.050, 110
Trd, 258748.683, 105
Trd, 258749.217, 101
Trd, 258749.950, 109
Trd, 258750.717, 122
Trd, 258750.817, 109
Trd, 258751.233, 101
Trd, 258751.767, 109
Trd, 258751.833, 96
Trd, 258752.567, 107
Trd, 258752.783, 119
Trd, 258753.000, 104
Trd, 258754.300, 114
Trd, 258755.483, 119
Trd, 258755.533, 114
Trd, 258756.683, 97
Trd, 258756.733, 99
Trd, 258756.767, 96
Trd, 258756.967, 103
Trd, 258757.233, 95
Trd, 258758.750, 97
Trd, 258758.950, 92
Trd, 258759.250, 96
Trd, 258759.283, 113
Trd, 258759.933, 80
Trd, 258760.300, 77
Trd, 258761.483, 83
Trd, 258761.567, 95
Trd, 258761.950, 101
Trd, 258761.983, 101
Trd, 258762.433, 80
Trd, 258763.133, 114
Trd, 258763.633, 109
Trd, 258763.900, 115
Trd, 258764.367, 109
Trd, 258764.717, 98
Trd, 258764.850, 96
Trd, 258764.867, 94
Trd, 258765.483, 117
Trd, 258766.617, 98
Trd, 258766.967, 94
Trd, 258767.150, 105
Trd, 258767.350, 106
Trd, 258768.167, 99
Trd, 258768.883, 93
Trd, 258769.300, 95
Trd, 258769.850, 94
Trd, 258770.167, 95
Trd, 258770.767, 101
Trd, 258771.150, 91
Trd, 258771.417, 102
Trd, 258772.017, 91
Trd, 258772.033, 94
Trd, 258772.617, 101
Trd, 258772.917, 109
Trd, 258773.900, 89
Trd, 258773.950, 87
Trd, 258774.150, 107
Trd, 258775.450, 116
Trd, 258776.700, 118
Trd, 258777.217, 102
Trd, 258777.400, 103
Trd, 258777.433, 98
Trd, 258777.817, 98
Trd, 258778.200, 96
Trd, 258778.600, 115
Trd, 258779.217, 123
Trd, 258779.250, 118
Trd, 258780.400, 106
Trd, 258781.617, 106
Trd, 258781.733, 112
Trd, 258782.500, 98
Trd, 258782.600, 103
Trd, 258783.133, 112
Trd, 258783.433, 97
Trd, 258783.550, 96
Trd, 258783.917, 91
Trd, 258783.983, 100
Trd, 258785.250, 91
Trd, 258785.983, 90
Trd, 258786.333, 101
Trd, 258786.433, 96
Trd, 258786.750, 101
Trd, 258786.983, 98
Trd, 258788.200, 103
Trd, 258788.317, 106
Trd, 258788.783, 97
Trd, 258789.450, 111
Trd, 258789.717, 112
Trd, 258790.633, 123
Trd, 258790.733, 104
Trd, 258791.167, 121
Trd, 258791.900, 117
Trd, 258792.217, 105
Trd, 258793.083, 96
Trd, 258793.967, 102
Trd, 258794.517, 100
Trd, 258794.683, 113
Trd, 258794.900, 98
Trd, 258795.267, 99
Trd, 258795.717, 93
Trd, 258795.950, 87
Trd, 258797.117, 91
Trd, 258797.383, 100
Trd, 258797.683, 113
Trd, 258797.717, 120
Trd, 258798.150, 88
Trd, 258798.517, 102
Trd, 258800.333, 100
Trd, 258800.350, 96
Trd, 258800.550, 93
Trd, 258800.767, 78
Trd, 258801.983, 110
Trd, 258802.217, 117
Trd, 258803.167, 87
Trd, 258803.283, 96
Trd, 258803.817, 121
Trd, 258804.083, 88
Trd, 258804.283, 85
Trd, 258804.483, 84
Trd, 258804.867, 122
Trd, 258805.133, 93
Trd, 258805.450, 134
Trd, 258806.683, 90
Trd, 258807.067, 88
Trd, 258807.733, 93
Trd, 258808.183, 116
Trd, 258808.900, 96
Trd, 258809.383, 102
Trd, 258809.600, 99
Trd, 258809.717, 95
Trd, 258809.800, 108
Trd, 258811.550, 90
Trd, 258811.567, 91
Trd, 258811.700, 94
Trd, 258811.933, 126
Trd, 258812.983, 107
Trd, 258813.400, 75
Trd, 258813.850, 102
Trd, 258814.067, 109
Trd, 258814.217, 116
Trd, 258814.517, 101
Trd, 258815.133, 82
Trd, 258815.950, 88
Trd, 258816.767, 88
Trd, 258818.767, 90
Trd, 258819.283, 84
Trd, 258819.633, 91
Trd, 258819.950, 86
Trd, 258820.700, 98
Trd, 258821.683, 105
Trd, 258821.900, 101
Trd, 258822.633, 94
Trd, 258822.817, 94
Trd, 258823.567, 92
Trd, 258824.650, 103
Trd, 258825.033, 98
Trd, 258826.267, 101
Trd, 258826.283, 100
Trd, 258826.767, 110
Trd, 258827.000, 94
Trd, 258827.267, 105
Trd, 258827.717, 115
Trd, 258828.717, 106
Trd, 258828.833, 109
Trd, 258829.417, 111
Trd, 258829.950, 103
Trd, 258831.967, 96
Trd, 258832.467, 97
Trd, 258832.483, 101
Trd, 258832.550, 99
Trd, 258833.400, 105
Trd, 258833.517, 96
Trd, 258833.983, 112
Trd, 258834.283, 124
Trd, 258835.367, 103
Trd, 258836.617, 100
Trd, 258836.733, 97
Trd, 258836.817, 127
Trd, 258837.650, 109
Trd, 258838.517, 89
Trd, 258838.717, 96
Trd, 258838.850, 93
Trd, 258839.117, 98
Trd, 258839.683, 113
Trd, 258840.100, 104
Trd, 258841.500, 102
Trd, 258841.800, 95
Trd, 258842.017, 102
Trd, 258842.233, 113
Trd, 258843.467, 104
Trd, 258844.083, 128
Trd, 258844.950, 116
Trd, 258845.283, 112
Trd, 258845.333, 105
Trd, 258845.750, 104
Trd, 258845.833, 102
Trd, 258845.983, 99
Trd, 258846.000, 93
Trd, 258846.233, 92
Trd, 258846.567, 129
Trd, 258847.550, 104
Trd, 258848.367, 103
Trd, 258848.783, 99
Trd, 258851.517, 95
Trd, 258852.133, 93
Trd, 258852.200, 112
Trd, 258852.750, 115
Trd, 258853.333, 105
Trd, 258853.600, 103
Trd, 258853.767, 101
Trd, 258854.550, 98
Trd, 258855.333, 90
Trd, 258855.833, 95
Trd, 258856.000, 95
Trd, 258856.267, 130
Trd, 258856.617, 103
Trd, 258857.267, 117
Trd, 258857.833, 111
Trd, 258858.083, 102
Trd, 258858.483, 100
Trd, 258859.050, 99
Trd, 258859.583, 95
Trd, 258860.167, 99
Trd, 258861.333, 111
Trd, 258861.367, 96
Trd, 258861.517, 91
Trd, 258861.867, 104
Trd, 258862.850, 111
Trd, 258862.900, 110
Trd, 258863.733, 101
Trd, 258864.317, 114
Trd, 258865.267, 118
Trd, 258865.533, 102
Trd, 258866.917, 93
Trd, 258867.533, 92
Trd, 258868.100, 90
Trd, 258868.550, 86
Trd, 258869.450, 102
Trd, 258869.717, 110
Trd, 258870.000, 105
Trd, 258870.133, 118
Trd, 258870.633, 105
Trd, 258871.167, 102
Trd, 258871.333, 119
Trd, 258872.400, 107
Trd, 258872.850, 101
Trd, 258874.000, 107
Trd, 258874.583, 96
Trd, 258874.633, 94
Trd, 258874.983, 107
Trd, 258875.833, 94
Trd, 258875.950, 123
Trd, 258876.083, 118
Trd, 258877.000, 104
Trd, 258877.767, 108
Trd, 258877.983, 114
Trd, 258878.383, 120
Trd, 258878.783, 100
Trd, 258879.633, 93
Trd, 258879.933, 88
Trd, 258880.383, 99
Trd, 258881.150, 108
Trd, 258881.383, 100
Trd, 258882.083, 95
Trd, 258882.467, 86
Trd, 258883.617, 113
Trd, 258883.767, 108
Trd, 258883.883, 104
Trd, 258884.150, 113
Trd, 258884.333, 107
Trd, 258885.283, 101
Trd, 258885.450, 100
Trd, 258885.783, 100
Trd, 258886.017, 93
Trd, 258886.617, 90
Trd, 258886.683, 104
Trd, 258887.850, 108
Trd, 258887.983, 98
Trd, 258888.533, 98
Trd, 258888.717, 99
Trd, 258888.850, 88
Trd, 258889.833, 102
Trd, 258890.450, 113
Trd, 258890.833, 101
Trd, 258890.883, 100
Trd, 258891.967, 96
Trd, 258892.983, 93
Trd, 258894.500, 106
Trd, 258894.667, 101
Trd, 258895.333, 113
Trd, 258895.800, 96
Trd, 258895.817, 94
Trd, 258896.383, 95
Trd, 258896.483, 89
Trd, 258896.600, 88
Trd, 258896.733, 80
Trd, 258896.800, 104
Trd, 258897.500, 113
Trd, 258898.783, 102
Trd, 258898.850, 104
Trd, 258898.983, 100
Trd, 258899.750, 107
Trd, 258899.983, 119
Trd, 258900.267, 96
Trd, 258901.133, 100
Trd, 258901.867, 99
Trd, 258902.017, 91
Trd, 258902.200, 90
Trd, 258903.517, 103
Trd, 258903.583, 105
Trd, 258903.617, 106
Trd, 258904.267, 98
Trd, 258904.317, 95
Trd, 258905.333, 103
Trd, 258906.550, 100
Trd, 258906.933, 102
Trd, 258907.650, 118
Trd, 258908.117, 102
Trd, 258908.317, 115
Trd, 258908.933, 94
Trd, 258908.983, 91
Trd, 258909.217, 103
Trd, 258911.767, 91
Trd, 258912.050, 103
Trd, 258912.300, 115
Trd, 258913.233, 103
Trd, 258913.500, 101
Trd, 258914.100, 112
Trd, 258914.317, 102
Trd, 258915.117, 96
Trd, 258915.750, 87
Trd, 258915.867, 96
Trd, 258915.900, 100
Trd, 258915.933, 101
Trd, 258916.767, 89
Trd, 258917.617, 88
Trd, 258917.833, 84
Trd, 258918.683, 104
Trd, 258918.900, 93
Trd, 258919.550, 134
Trd, 258919.667, 95
Trd, 258919.850, 89
Trd, 258919.950, 99
Trd, 258920.983, 95
Trd, 258921.567, 96
Trd, 258922.450, 117
Trd, 258923.150, 123
Trd, 258923.433, 117
Trd, 258923.467, 113
Trd, 258923.483, 103
Trd, 258924.600, 104
Trd, 258926.200, 93
Trd, 258926.617, 106
Trd, 258926.667, 86
Trd, 258927.117, 117
Trd, 258927.667, 101
Trd, 258927.883, 93
Trd, 258929.700, 117
Trd, 258929.750, 112
Trd, 258930.117, 110
Trd, 258930.367, 102
Trd, 258930.450, 99
Trd, 258930.633, 90
Trd, 258931.533, 114
Trd, 258931.633, 96
Trd, 258932.267, 107
Trd, 258932.700, 118
Trd, 258932.850, 112
Trd, 258933.150, 107
Trd, 258933.500, 100
Trd, 258934.150, 108
Trd, 258934.233, 93
Trd, 258934.900, 102
Trd, 258935.333, 99
Trd, 258936.017, 106
Trd, 258936.850, 115
Trd, 258936.867, 111
Trd, 258937.917, 100
Trd, 258938.633, 104
Trd, 258938.900, 112
Trd, 258938.933, 116
Trd, 258939.683, 100
Trd, 258939.717, 92
Trd, 258940.000, 102
Trd, 258940.183, 84
Trd, 258940.533, 86
Trd, 258940.783, 96
Trd, 258941.033, 90
Trd, 258941.133, 109
Trd, 258941.567, 93
Trd, 258942.850, 92
Trd, 258943.183, 101
Trd, 258945.517, 109
Trd, 258946.217, 117
Trd, 258946.250, 95
Trd, 258946.417, 96
Trd, 258946.850, 111
Trd, 258947.150, 115
Trd, 258947.533, 99
Trd, 258948.683, 100
Trd, 258949.250, 101
Trd, 258949.467, 96
Trd, 258949.733, 90
Trd, 258949.917, 103
Trd, 258950.933, 112
Trd, 258952.283, 105
Trd, 258952.383, 96
Trd, 258952.867, 109
Trd, 258953.533, 101
Trd, 258955.050, 101
Trd, 258955.233, 95
Trd, 258955.400, 100
Trd, 258955.417, 94
Trd, 258957.050, 115
Trd, 258957.250, 87
Trd, 258957.467, 102
Trd, 258958.217, 101
Trd, 258959.733, 115
Trd, 258960.217, 114
Trd, 258960.867, 98
Trd, 258961.050, 112
Trd, 258961.650, 113
Trd, 258961.900, 107
Trd, 258962.067, 102
Trd, 258962.850, 101
Trd, 258963.050, 99
Trd, 258963.417, 110
Trd, 258963.750, 95
Trd, 258964.450, 120
Trd, 258965.183, 117
Trd, 258965.200, 111
Trd, 258967.567, 114
Trd, 258967.783, 103
Trd, 258968.033, 102
Trd, 258968.183, 103
Trd, 258968.533, 112
Trd, 258968.683, 114
Trd, 258969.267, 97
Trd, 258969.383, 96
Trd, 258969.550, 105
Trd, 258969.950, 91
Trd, 258970.033, 117
Trd, 258971.033, 113
Trd, 258971.950, 100
Trd, 258972.417, 98
Trd, 258972.983, 114
Trd, 258973.933, 103
Trd, 258973.950, 105
Trd, 258974.117, 107
Trd, 258974.717, 109
Trd, 258974.817, 92
Trd, 258975.150, 92
Trd, 258976.017, 94
Trd, 258976.750, 101
Trd, 258976.983, 94
Trd, 258977.100, 105
Trd, 258977.167, 101
Trd, 258977.183, 121
Trd, 258977.650, 110
Trd, 258978.000, 118
Trd, 258980.033, 104
Trd, 258980.100, 103
Trd, 258980.367, 103
Trd, 258980.917, 117
Trd, 258981.483, 108
Trd, 258982.067, 105
Trd, 258982.783, 98
Trd, 258983.667, 96
Trd, 258984.800, 114
Trd, 258985.117, 106
Trd, 258985.567, 105
Trd, 258985.600, 103
Trd, 258986.133, 103
Trd, 258986.317, 101
Trd, 258986.700, 96
Trd, 258986.900, 116
Trd, 258987.183, 110
Trd, 258987.833, 95
Trd, 258988.150, 92
Trd, 258988.517, 98
Trd, 258989.083, 107
Trd, 258990.050, 120
Trd, 258990.067, 98
Trd, 258990.300, 94
Trd, 258991.667, 102
Trd, 258992.350, 99
Trd, 258993.517, 104
Trd, 258993.533, 96
Trd, 258994.550, 109
Trd, 258994.567, 98
Trd, 258994.767, 98
Trd, 258995.017, 97
Trd, 258995.083, 110
Trd, 258996.233, 106
Trd, 258996.583, 97
Trd, 258997.800, 115
Trd, 258997.933, 111
Trd, 258998.950, 98
Trd, 258999.333, 101
Trd, 259000.050, 100
Trd, 259000.167, 102
Trd, 259000.517, 94
Trd, 259000.633, 101
Trd, 259000.667, 120
Trd, 259001.367, 118
Trd, 259001.550, 119
Trd, 259001.667, 107
Trd, 259002.367, 99
Trd, 259002.833, 106
Trd, 259002.883, 99
Trd, 259003.833, 104
Trd, 259004.600, 113
Trd, 259004.900, 103
Trd, 259005.900, 115
Trd, 259006.217, 101
Trd, 259006.417, 97
Trd, 259006.717, 113
Trd, 259007.033, 97
Trd, 259007.333, 120
Trd, 259007.833, 96
Trd, 259008.717, 91
Trd, 259008.867, 102
Trd, 259009.400, 85
Trd, 259009.967, 100
Trd, 259010.767, 104
Trd, 259010.967, 117
Trd, 259011.650, 90
Trd, 259011.850, 90
Trd, 259012.933, 102
Trd, 259014.783, 100
Trd, 259015.000, 101
Trd, 259015.050, 95
Trd, 259015.517, 96
Trd, 259015.617, 87
Trd, 259015.767, 85
Trd, 259015.917, 115
Trd, 259016.050, 103
Trd, 259016.433, 107
Trd, 259017.367, 106
Trd, 259018.583, 110
Trd, 259019.517, 105
Trd, 259019.833, 109
Trd, 259021.233, 117
Trd, 259022.233, 104
Trd, 259022.800, 105
Trd, 259023.650, 111
Trd, 259023.667, 104
Trd, 259023.867, 106
Trd, 259024.517, 109
Trd, 259025.017, 117
Trd, 259025.283, 117
Trd, 259026.400, 98
Trd, 259026.533, 100
Trd, 259026.833, 97
Trd, 259027.000, 123
Trd, 259028.150, 113
Trd, 259028.700, 116
Trd, 259028.967, 105
Trd, 259029.233, 109
Trd, 259029.383, 90
Trd, 259030.600, 111
Trd, 259031.333, 103
Trd, 259031.717, 97
Trd, 259031.900, 92
Trd, 259032.250, 88
Trd, 259033.650, 99
Trd, 259033.817, 108
Trd, 259034.133, 109
Trd, 259034.517, 106
Trd, 259035.183, 102
Trd, 259035.933, 109
Trd, 259036.217, 98
Trd, 259036.633, 117
Trd, 259037.433, 103
Trd, 259037.667, 91
Trd, 259039.017, 102
Trd, 259039.383, 119
Trd, 259039.533, 112
Trd, 259040.067, 115
Trd, 259040.267, 99
Trd, 259040.617, 116
Trd, 259041.800, 113
Trd, 259042.067, 106
Trd, 259043.467, 115
Trd, 259043.917, 105
Trd, 259044.700, 111
Trd, 259046.017, 100
Trd, 259047.067, 100
Trd, 259047.117, 105
Trd, 259047.133, 93
Trd, 259047.483, 92
Trd, 259047.550, 87
Trd, 259047.950, 86
Trd, 259048.100, 106
Trd, 259048.667, 114
Trd, 259049.700, 118
Trd, 259049.950, 114
Trd, 259050.133, 111
Trd, 259050.617, 102
Trd, 259051.400, 92
Trd, 259051.567, 105
Trd, 259053.200, 106
Trd, 259053.283, 105
Trd, 259053.633, 99
Trd, 259053.817, 104
Trd, 259056.817, 113
Trd, 259057.683, 101
Trd, 259058.233, 127
Trd, 259059.117, 101
Trd, 259059.367, 96
Trd, 259059.500, 95
Trd, 259059.683, 98
Trd, 259060.367, 103
Trd, 259060.433, 98
Trd, 259061.283, 110
Trd, 259063.250, 102
Trd, 259064.233, 99
Trd, 259064.583, 103
Trd, 259065.183, 103
Trd, 259065.367, 106
Trd, 259065.633, 104
Trd, 259065.867, 99
Trd, 259067.050, 97
Trd, 259067.867, 85
Trd, 259068.850, 101
Trd, 259069.567, 96
Trd, 259069.950, 103
Trd, 259070.883, 100
Trd, 259071.350, 119
Trd, 259071.500, 104
Trd, 259072.200, 105
Trd, 259073.733, 117
Trd, 259074.000, 127
Trd, 259074.183, 104
Trd, 259075.267, 97
Trd, 259077.400, 99
Trd, 259077.617, 98
Trd, 259078.450, 101
Trd, 259079.383, 95
Trd, 259079.633, 117
Trd, 259080.817, 111
Trd, 259081.017, 93
Trd, 259081.467, 90
Trd, 259081.800, 119
Trd, 259081.817, 117
Trd, 259082.767, 109
Trd, 259083.017, 117
Trd, 259084.233, 95
Trd, 259084.550, 89
Trd, 259084.750, 101
Trd, 259085.317, 89
Trd, 259085.950, 96
Trd, 259086.683, 111
Trd, 259087.233, 111
Trd, 259087.250, 97
Trd, 259087.600, 105
Trd, 259087.833, 101
Trd, 259088.517, 102
Trd, 259089.117, 114
Trd, 259089.350, 98
Trd, 259089.400, 97
Trd, 259089.533, 93
Trd, 259089.900, 113
Trd, 259089.933, 112
Trd, 259090.883, 100
Trd, 259091.317, 112
Trd, 259093.183, 109
Trd, 259093.233, 101
Trd, 259093.717, 112
Trd, 259094.117, 102
Trd, 259094.317, 105
Trd, 259094.800, 100
Trd, 259095.467, 98
Trd, 259097.017, 104
Trd, 259097.450, 117
Trd, 259097.733, 112
Trd, 259098.600, 111
Trd, 259098.667, 101
Trd, 259099.583, 86
Trd, 259100.533, 99
Trd, 259100.817, 103
Trd, 259101.433, 117
Trd, 259102.833, 98
Trd, 259103.067, 114
Trd, 259103.333, 103
Trd, 259103.567, 101
Trd, 259104.167, 123
Trd, 259105.400, 106
Trd, 259105.667, 117
Trd, 259105.783, 94
Trd, 259105.900, 90
Trd, 259106.950, 116
Trd, 259107.283, 109
Trd, 259107.433, 108
Trd, 259108.367, 104
Trd, 259108.533, 100
Trd, 259108.700, 116
Trd, 259109.667, 110
Trd, 259110.933, 109
Trd, 259110.983, 103
Trd, 259111.133, 104
Trd, 259111.317, 100
Trd, 259112.317, 102
Trd, 259112.500, 93
Trd, 259112.650, 90
Trd, 259113.517, 99
Trd, 259113.733, 113
Trd, 259114.117, 104
Trd, 259114.783, 99
Trd, 259115.683, 110
Trd, 259115.750, 109
Trd, 259115.767, 99
Trd, 259116.033, 105
Trd, 259116.283, 99
Trd, 259117.367, 97
Trd, 259117.800, 94
Trd, 259118.917, 113
Trd, 259119.400, 100
Trd, 259119.717, 106
Trd, 259120.133, 109
Trd, 259120.533, 112
Trd, 259121.117, 101
Trd, 259122.633, 101
Trd, 259122.667, 93
Trd, 259123.067, 104
Trd, 259123.650, 110
Trd, 259123.717, 101
Trd, 259124.100, 104
Trd, 259125.267, 113
Trd, 259125.550, 109
Trd, 259125.900, 119
Trd, 259127.050, 111
Trd, 259127.383, 99
Trd, 259128.217, 113
Trd, 259128.650, 115
Trd, 259129.417, 94
Trd, 259129.967, 100
Trd, 259130.450, 101
Trd, 259131.517, 103
Trd, 259131.683, 104
Trd, 259131.800, 105
Trd, 259132.350, 100
Trd, 259132.467, 93
Trd, 259132.500, 109
Trd, 259133.517, 100
Trd, 259134.567, 96
Trd, 259134.733, 95
Trd, 259134.933, 104
Trd, 259135.633, 103
Trd, 259136.067, 100
Trd, 259136.150, 99
Trd, 259138.933, 99
Trd, 259139.983, 105
Trd, 259140.050, 100
Trd, 259140.767, 96
Trd, 259142.333, 122
Trd, 259142.383, 113
Trd, 259142.583, 97
Trd, 259143.567, 97
Trd, 259143.617, 101
Trd, 259143.767, 87
Trd, 259144.017, 85
Trd, 259144.067, 93
Trd, 259144.583, 93
Trd, 259145.250, 103
Trd, 259145.483, 91
Trd, 259146.600, 95
Trd, 259146.667, 103
Trd, 259147.800, 104
Trd, 259147.850, 92
Trd, 259148.250, 107
Trd, 259148.333, 115
Trd, 259148.517, 84
Trd, 259149.017, 117
Trd, 259149.867, 107
Trd, 259150.267, 103
Trd, 259150.600, 107
Trd, 259150.833, 107
Trd, 259151.433, 101
Trd, 259153.650, 108
Trd, 259154.467, 93
Trd, 259155.183, 111
Trd, 259155.367, 107
Trd, 259155.533, 102
Trd, 259156.133, 97
Trd, 259156.267, 94
Trd, 259156.600, 110
Trd, 259157.550, 118
Trd, 259157.967, 101
Trd, 259158.583, 113
Trd, 259160.100, 104
Trd, 259160.200, 118
Trd, 259160.300, 103
Trd, 259160.983, 98
Trd, 259161.133, 100
Trd, 259161.300, 100
Trd, 259161.633, 101
Trd, 259161.667, 96
Trd, 259162.017, 91
Trd, 259162.483, 100
Trd, 259163.117, 107
Trd, 259163.417, 103
Trd, 259164.000, 102
Trd, 259164.800, 113
Trd, 259165.467, 112
Trd, 259165.683, 100
Trd, 259166.467, 102
Trd, 259167.000, 107
Trd, 259167.367, 103
Trd, 259168.200, 106
Trd, 259168.867, 97
Trd, 259168.983, 109
Trd, 259169.267, 88
Trd, 259169.650, 91
Trd, 259169.817, 104
Trd, 259170.033, 115
Trd, 259170.167, 82
Trd, 259170.733, 101
Trd, 259170.800, 101
Trd, 259171.817, 98
Trd, 259172.017, 103
Trd, 259172.550, 86
Trd, 259172.900, 122
Trd, 259174.083, 90
Trd, 259175.200, 101
Trd, 259175.767, 100
Trd, 259175.833, 91
Trd, 259176.000, 87
Trd, 259176.100, 92
Trd, 259177.550, 116
Trd, 259178.517, 107
Trd, 259178.767, 108
Trd, 259179.767, 111
Trd, 259180.150, 122
Trd, 259180.750, 120
Trd, 259180.967, 115
Trd, 259181.350, 106
Trd, 259182.283, 121
Trd, 259182.733, 105
Trd, 259183.083, 101
Trd, 259183.400, 101
Trd, 259183.950, 108
Trd, 259185.783, 111
Trd, 259186.100, 105
Trd, 259186.167, 108
Trd, 259186.200, 104
Trd, 259186.267, 105
Trd, 259186.600, 100
Trd, 259187.167, 105
Trd, 259187.350, 118
Trd, 259188.083, 100
Trd, 259189.250, 103
Trd, 259190.000, 105
Trd, 259190.233, 103
Trd, 259190.667, 99
Trd, 259191.100, 115
Trd, 259191.400, 105
Trd, 259191.800, 118
Trd, 259192.300, 126
Trd, 259192.500, 103
Trd, 259192.783, 99
Trd, 259193.450, 90
Trd, 259193.550, 89
Trd, 259194.050, 99
Trd, 259194.200, 102
Trd, 259194.600, 110
Trd, 259196.317, 92
Trd, 259196.900, 101
Trd, 259197.600, 89
Trd, 259197.933, 94
Trd, 259198.417, 95
Trd, 259198.500, 102
Trd, 259199.750, 101
