Trd, 258517.267, 104
Trd, 258517.350, 107
Trd, 258519.000, 110
Trd, 258519.133, 111
Trd, 258519.617, 111
Trd, 258520.333, 111
Trd, 258520.533, 109
Trd, 258520.717, 109
Trd, 258521.517, 108
Trd, 258521.600, 112
Trd, 258521.667, 113
Trd, 258521.883, 114
Trd, 258522.717, 117
Trd, 258523.483, 106
Trd, 258523.517, 106
Trd, 258524.033, 105
Trd, 258524.417, 105
Trd, 258524.867, 104
Trd, 258525.417, 99
Trd, 258525.733, 99
Trd, 258525.850, 98
Trd, 258526.000, 105
Trd, 258526.267, 93
Trd, 258526.417, 90
Trd, 258526.900, 101
Trd, 258527.617, 99
Trd, 258527.850, 98
Trd, 258527.917, 104
Trd, 258527.967, 106
Trd, 258528.633, 98
Trd, 258529.200, 98
Trd, 258529.317, 103
Trd, 258529.450, 97
Trd, 258529.600, 98
Trd, 258529.767, 97
Trd, 258529.867, 104
Trd, 258530.467, 98
Trd, 258531.233, 109
Trd, 258531.883, 112
Trd, 258532.167, 100
Trd, 258532.500, 96
Trd, 258532.817, 106
Trd, 258533.283, 98
Trd, 258533.383, 96
Trd, 258533.517, 99
Trd, 258533.800, 100
Trd, 258534.067, 104
Trd, 258534.583, 102
Trd, 258535.100, 101
Trd, 258535.433, 96
Trd, 258536.183, 96
Trd, 258536.233, 110
Trd, 258536.783, 95
Trd, 258537.583, 94
Trd, 258537.717, 104
Trd, 258538.017, 93
Trd, 258538.300, 94
Trd, 258538.917, 90
Trd, 258539.567, 98
Trd, 258539.617, 89
Trd, 258539.950, 98
Trd, 258540.583, 92
Trd, 258540.850, 99
Trd, 258541.517, 101
Trd, 258541.683, 92
Trd, 258542.283, 97
Trd, 258542.400, 102
Trd, 258542.733, 104
Trd, 258543.250, 108
Trd, 258543.683, 109
Trd, 258543.717, 108
Trd, 258544.133, 108
Trd, 258544.250, 110
Trd, 258544.567, 112
Trd, 258544.917, 113
Trd, 258545.350, 109
Trd, 258545.950, 111
Trd, 258546.433, 110
Trd, 258546.600, 110
Trd, 258546.733, 112
Trd, 258547.033, 106
Trd, 258547.167, 101
Trd, 258547.633, 105
Trd, 258547.950, 104
Trd, 258548.017, 99
Trd, 258548.500, 98
Trd, 258548.867, 104
Trd, 258548.883, 105
Trd, 258548.983, 107
Trd, 258549.350, 98
Trd, 258550.267, 97
Trd, 258550.733, 100
Trd, 258551.283, 106
Trd, 258551.517, 104
Trd, 258551.750, 98
Trd, 258551.883, 99
Trd, 258551.950, 98
Trd, 258552.050, 104
Trd, 258552.483, 111
Trd, 258552.717, 93
Trd, 258553.500, 95
Trd, 258553.683, 93
Trd, 258554.500, 103
Trd, 258555.117, 105
Trd, 258555.167, 104
Trd, 258555.333, 108
Trd, 258555.817, 104
Trd, 258556.733, 104
Trd, 258556.833, 103
Trd, 258557.150, 101
Trd, 258557.250, 104
Trd, 258557.300, 113
Trd, 258557.850, 99
Trd, 258558.517, 106
Trd, 258558.567, 107
Trd, 258558.617, 109
Trd, 258558.717, 104
Trd, 258559.050, 111
Trd, 258559.100, 112
Trd, 258560.633, 115
Trd, 258561.117, 109
Trd, 258561.667, 111
Trd, 258561.800, 109
Trd, 258562.300, 108
Trd, 258562.350, 106
Trd, 258562.483, 99
Trd, 258562.717, 111
Trd, 258563.450, 99
Trd, 258563.500, 101
Trd, 258563.700, 111
Trd, 258563.733, 96
Trd, 258564.150, 95
Trd, 258564.467, 94
Trd, 258564.500, 93
Trd, 258565.233, 102
Trd, 258566.050, 104
Trd, 258566.817, 105
Trd, 258566.917, 101
Trd, 258567.817, 105
Trd, 258567.867, 105
Trd, 258568.017, 105
Trd, 258568.167, 105
Trd, 258568.300, 106
Trd, 258568.533, 108
Trd, 258569.500, 112
Trd, 258569.633, 106
Trd, 258569.750, 104
Trd, 258569.783, 98
Trd, 258571.117, 104
Trd, 258571.283, 108
Trd, 258571.300, 103
Trd, 258571.350, 101
Trd, 258572.817, 101
Trd, 258573.450, 98
Trd, 258573.783, 103
Trd, 258574.150, 102
Trd, 258574.900, 103
Trd, 258575.050, 102
Trd, 258575.383, 101
Trd, 258575.433, 104
Trd, 258575.533, 106
Trd, 258576.017, 110
Trd, 258576.067, 109
Trd, 258576.083, 104
Trd, 258576.283, 100
Trd, 258577.083, 98
Trd, 258578.200, 104
Trd, 258578.617, 100
Trd, 258579.267, 100
Trd, 258579.533, 99
Trd, 258579.667, 99
Trd, 258580.117, 102
Trd, 258581.100, 101
Trd, 258581.383, 101
Trd, 258581.500, 104
Trd, 258581.617, 100
Trd, 258581.783, 98
Trd, 258581.933, 98
Trd, 258582.567, 109
Trd, 258582.600, 101
Trd, 258582.767, 97
Trd, 258583.650, 98
Trd, 258583.850, 103
Trd, 258583.900, 101
Trd, 258584.017, 97
Trd, 258584.433, 95
Trd, 258584.483, 93
Trd, 258584.633, 90
Trd, 258585.700, 104
Trd, 258586.083, 112
Trd, 258586.517, 100
Trd, 258586.733, 112
Trd, 258587.750, 107
Trd, 258587.850, 106
Trd, 258588.517, 105
Trd, 258588.767, 105
Trd, 258588.800, 98
Trd, 258589.233, 104
Trd, 258589.283, 105
Trd, 258589.417, 101
Trd, 258589.617, 100
Trd, 258590.033, 95
Trd, 258590.183, 103
Trd, 258590.883, 92
Trd, 258591.033, 94
Trd, 258591.667, 101
Trd, 258591.717, 103
Trd, 258592.167, 99
Trd, 258592.317, 109
Trd, 258593.133, 99
Trd, 258593.233, 98
Trd, 258593.450, 93
Trd, 258593.917, 95
Trd, 258594.033, 99
Trd, 258594.433, 108
Trd, 258594.683, 96
Trd, 258595.133, 94
Trd, 258595.850, 103
Trd, 258596.017, 95
Trd, 258596.483, 103
Trd, 258597.117, 98
Trd, 258597.350, 101
Trd, 258597.417, 110
Trd, 258597.567, 99
Trd, 258597.900, 95
Trd, 258597.917, 108
Trd, 258598.050, 109
Trd, 258598.417, 109
Trd, 258599.000, 104
Trd, 258599.733, 103
Trd, 258600.367, 110
Trd, 258600.783, 103
Trd, 258601.200, 101
Trd, 258601.400, 105
Trd, 258602.167, 103
Trd, 258602.283, 101
Trd, 258602.933, 105
Trd, 258603.017, 100
Trd, 258603.217, 108
Trd, 258603.550, 113
Trd, 258604.167, 99
Trd, 258604.200, 98
Trd, 258604.700, 107
Trd, 258605.667, 112
Trd, 258605.950, 99
Trd, 258606.200, 98
Trd, 258606.217, 95
Trd, 258606.550, 93
Trd, 258607.200, 104
Trd, 258607.583, 103
Trd, 258607.900, 105
Trd, 258608.067, 101
Trd, 258608.267, 91
Trd, 258608.700, 91
Trd, 258608.783, 90
Trd, 258608.850, 88
Trd, 258608.883, 105
Trd, 258609.350, 87
Trd, 258609.483, 85
Trd, 258611.167, 93
Trd, 258611.450, 93
Trd, 258611.500, 100
Trd, 258611.833, 103
Trd, 258611.883, 104
Trd, 258611.917, 102
Trd, 258612.383, 103
Trd, 258613.133, 104
Trd, 258613.250, 109
Trd, 258613.450, 102
Trd, 258613.650, 95
Trd, 258613.817, 107
Trd, 258614.967, 103
Trd, 258615.417, 105
Trd, 258615.783, 104
Trd, 258616.233, 106
Trd, 258616.517, 105
Trd, 258616.583, 107
Trd, 258616.600, 112
Trd, 258616.983, 101
Trd, 258617.000, 98
Trd, 258617.533, 109
Trd, 258617.783, 98
Trd, 258618.250, 95
Trd, 258619.033, 104
Trd, 258619.817, 102
Trd, 258620.050, 102
Trd, 258620.333, 100
Trd, 258620.417, 104
Trd, 258620.833, 95
Trd, 258621.183, 92
Trd, 258621.400, 99
Trd, 258621.783, 104
Trd, 258622.150, 96
Trd, 258622.833, 98
Trd, 258623.067, 109
Trd, 258623.717, 104
Trd, 258624.067, 103
Trd, 258624.083, 103
Trd, 258624.517, 105
Trd, 258624.633, 107
Trd, 258625.367, 106
Trd, 258625.533, 101
Trd, 258625.600, 100
Trd, 258625.667, 107
Trd, 258625.717, 112
Trd, 258626.317, 101
Trd, 258627.417, 104
Trd, 258627.500, 103
Trd, 258627.717, 103
Trd, 258628.383, 111
Trd, 258628.950, 111
Trd, 258629.017, 109
Trd, 258629.433, 106
Trd, 258630.717, 102
Trd, 258630.783, 107
Trd, 258631.583, 107
Trd, 258631.900, 108
Trd, 258632.083, 107
Trd, 258632.367, 108
Trd, 258632.650, 105
Trd, 258633.083, 104
Trd, 258634.650, 109
Trd, 258634.933, 109
Trd, 258635.450, 106
Trd, 258635.600, 105
Trd, 258635.783, 105
Trd, 258635.833, 108
Trd, 258636.083, 104
Trd, 258636.317, 110
Trd, 258636.550, 103
Trd, 258636.650, 99
Trd, 258637.350, 111
Trd, 258638.050, 116
Trd, 258638.067, 117
Trd, 258638.167, 103
Trd, 258638.417, 112
Trd, 258638.533, 98
Trd, 258638.583, 114
Trd, 258639.433, 100
Trd, 258639.883, 101
Trd, 258640.183, 100
Trd, 258640.217, 101
Trd, 258640.233, 95
Trd, 258640.600, 100
Trd, 258640.767, 99
Trd, 258641.483, 101
Trd, 258641.750, 98
Trd, 258643.250, 106
Trd, 258643.683, 109
Trd, 258643.783, 106
Trd, 258643.950, 104
Trd, 258645.000, 96
Trd, 258645.250, 95
Trd, 258645.283, 93
Trd, 258646.050, 105
Trd, 258646.117, 107
Trd, 258646.567, 108
Trd, 258647.083, 104
Trd, 258647.283, 100
Trd, 258647.417, 106
Trd, 258647.650, 115
Trd, 258648.400, 113
Trd, 258649.517, 111
Trd, 258649.533, 105
Trd, 258649.833, 108
Trd, 258650.267, 107
Trd, 258651.367, 107
Trd, 258651.450, 106
Trd, 258651.633, 111
Trd, 258651.933, 108
Trd, 258652.133, 106
Trd, 258652.150, 104
Trd, 258652.883, 111
Trd, 258653.467, 98
Trd, 258653.850, 95
Trd, 258654.283, 104
Trd, 258655.067, 96
Trd, 258655.933, 97
Trd, 258655.967, 101
Trd, 258656.033, 96
Trd, 258656.650, 99
Trd, 258656.750, 100
Trd, 258656.933, 99
Trd, 258657.217, 100
Trd, 258657.267, 101
Trd, 258657.700, 104
Trd, 258658.333, 100
Trd, 258658.767, 98
Trd, 258658.867, 98
Trd, 258659.100, 95
Trd, 258659.117, 107
Trd, 258659.217, 93
Trd, 258659.967, 106
Trd, 258660.183, 90
Trd, 258660.817, 112
Trd, 258661.167, 109
Trd, 258661.900, 106
Trd, 258662.183, 106
Trd, 258662.417, 105
Trd, 258662.983, 105
Trd, 258663.050, 105
Trd, 258663.217, 106
Trd, 258663.233, 104
Trd, 258664.083, 105
Trd, 258664.133, 104
Trd, 258664.217, 100
Trd, 258664.317, 106
Trd, 258665.033, 97
Trd, 258666.483, 108
Trd, 258666.583, 109
Trd, 258666.933, 109
Trd, 258667.183, 101
Trd, 258667.333, 101
Trd, 258667.783, 109
Trd, 258667.933, 100
Trd, 258668.783, 100
Trd, 258669.000, 95
Trd, 258669.400, 97
Trd, 258669.667, 103
Trd, 258670.150, 101
Trd, 258670.617, 101
Trd, 258670.867, 95
Trd, 258671.367, 99
Trd, 258671.467, 102
Trd, 258671.833, 106
Trd, 258672.217, 107
Trd, 258672.933, 107
Trd, 258673.267, 109
Trd, 258673.733, 109
Trd, 258674.233, 111
Trd, 258674.917, 109
Trd, 258675.017, 109
Trd, 258675.100, 109
Trd, 258675.900, 108
Trd, 258676.083, 110
Trd, 258676.267, 101
Trd, 258676.583, 96
Trd, 258676.900, 96
Trd, 258677.483, 94
Trd, 258678.000, 103
Trd, 258678.150, 104
Trd, 258678.350, 104
Trd, 258679.050, 98
Trd, 258679.450, 107
Trd, 258679.783, 104
Trd, 258680.200, 102
Trd, 258680.300, 101
Trd, 258680.733, 110
Trd, 258680.950, 101
Trd, 258681.017, 111
Trd, 258681.217, 100
Trd, 258681.333, 98
Trd, 258681.400, 111
Trd, 258681.733, 112
Trd, 258681.900, 98
Trd, 258683.150, 112
Trd, 258683.717, 110
Trd, 258683.783, 109
Trd, 258684.783, 102
Trd, 258685.133, 101
Trd, 258685.617, 110
Trd, 258686.300, 101
Trd, 258687.000, 107
Trd, 258687.167, 103
Trd, 258687.583, 108
Trd, 258687.717, 103
Trd, 258687.817, 108
Trd, 258687.917, 102
Trd, 258688.233, 102
Trd, 258689.467, 105
Trd, 258689.667, 104
Trd, 258689.833, 100
Trd, 258690.083, 104
Trd, 258690.133, 98
Trd, 258690.183, 95
Trd, 258690.500, 104
Trd, 258691.050, 98
Trd, 258691.233, 101
Trd, 258691.867, 104
Trd, 258692.083, 110
Trd, 258692.433, 108
Trd, 258693.150, 112
Trd, 258693.183, 107
Trd, 258693.750, 119
Trd, 258694.483, 108
Trd, 258694.600, 109
Trd, 258694.967, 107
Trd, 258695.117, 108
Trd, 258695.700, 110
Trd, 258695.883, 110
Trd, 258696.150, 106
Trd, 258696.733, 105
Trd, 258697.017, 101
Trd, 258697.217, 99
Trd, 258697.850, 104
Trd, 258697.950, 101
Trd, 258698.350, 105
Trd, 258698.617, 101
Trd, 258698.950, 106
Trd, 258699.150, 99
Trd, 258699.767, 95
Trd, 258700.167, 100
Trd, 258700.217, 90
Trd, 258700.250, 107
Trd, 258701.667, 110
Trd, 258701.950, 111
Trd, 258702.133, 110
Trd, 258702.900, 109
Trd, 258703.433, 108
Trd, 258703.650, 108
Trd, 258703.933, 111
Trd, 258704.200, 112
Trd, 258704.283, 110
Trd, 258704.550, 108
Trd, 258705.167, 110
Trd, 258706.117, 110
Trd, 258706.133, 104
Trd, 258706.317, 100
Trd, 258706.350, 95
Trd, 258706.600, 111
Trd, 258707.150, 110
Trd, 258708.017, 98
Trd, 258708.433, 104
Trd, 258708.633, 96
Trd, 258708.833, 103
Trd, 258709.567, 99
Trd, 258709.783, 105
Trd, 258710.333, 101
Trd, 258710.533, 99
Trd, 258710.700, 98
Trd, 258710.767, 106
Trd, 258711.083, 98
Trd, 258711.433, 112
Trd, 258712.133, 96
Trd, 258712.267, 95
Trd, 258712.533, 101
Trd, 258712.733, 101
Trd, 258713.483, 95
Trd, 258714.133, 103
Trd, 258714.383, 96
Trd, 258714.933, 104
Trd, 258715.383, 104
Trd, 258715.517, 103
Trd, 258715.867, 102
Trd, 258715.933, 104
Trd, 258715.950, 106
Trd, 258716.017, 101
Trd, 258716.133, 93
Trd, 258716.983, 112
Trd, 258717.000, 121
Trd, 258717.867, 118
Trd, 258718.100, 104
Trd, 258718.200, 103
Trd, 258718.850, 103
Trd, 258719.767, 106
Trd, 258720.133, 105
Trd, 258720.217, 104
Trd, 258720.433, 106
Trd, 258721.267, 104
Trd, 258721.383, 102
Trd, 258721.683, 108
Trd, 258721.900, 108
Trd, 258721.933, 98
Trd, 258722.317, 95
Trd, 258722.967, 104
Trd, 258723.167, 103
Trd, 258723.783, 107
Trd, 258723.833, 108
Trd, 258724.150, 101
Trd, 258724.300, 92
Trd, 258724.950, 94
Trd, 258725.017, 91
Trd, 258725.033, 105
Trd, 258726.617, 106
Trd, 258726.967, 105
Trd, 258727.100, 106
Trd, 258727.300, 104
Trd, 258727.633, 103
Trd, 258727.850, 104
Trd, 258727.883, 104
Trd, 258728.150, 102
Trd, 258728.433, 102
Trd, 258728.850, 112
Trd, 258729.000, 102
Trd, 258729.333, 103
Trd, 258729.367, 109
Trd, 258729.750, 112
Trd, 258730.500, 106
Trd, 258731.317, 108
Trd, 258731.583, 107
Trd, 258731.683, 116
Trd, 258731.917, 116
Trd, 258732.167, 106
Trd, 258732.250, 106
Trd, 258733.700, 107
Trd, 258733.733, 106
Trd, 258733.967, 108
Trd, 258734.367, 104
Trd, 258734.733, 103
Trd, 258735.200, 108
Trd, 258735.733, 106
Trd, 258735.900, 104
Trd, 258736.017, 109
Trd, 258736.100, 104
Trd, 258737.417, 105
Trd, 258737.567, 107
Trd, 258737.800, 104
Trd, 258738.833, 108
Trd, 258739.067, 100
Trd, 258739.450, 104
Trd, 258739.667, 98
Trd, 258739.767, 98
Trd, 258740.433, 98
Trd, 258741.250, 100
Trd, 258741.383, 101
Trd, 258741.550, 102
Trd, 258741.867, 103
Trd, 258742.300, 102
Trd, 258742.417, 98
Trd, 258742.467, 104
Trd, 258742.500, 112
Trd, 258743.233, 98
Trd, 258744.133, 100
Trd, 258744.483, 107
Trd, 258745.233, 101
Trd, 258745.483, 106
Trd, 258745.833, 106
Trd, 258745.867, 109
Trd, 258746.000, 107
Trd, 258746.167, 106
Trd, 258746.200, 109
Trd, 258746.417, 106
Trd, 258747.550, 114
Trd, 258747.683, 105
Trd, 258748.517, 109
Trd, 258748.567, 108
Trd, 258748.683, 108
Trd, 258749.483, 104
Trd, 258750.250, 103
Trd, 258750.433, 102
Trd, 258750.667, 102
Trd, 258751.167, 103
Trd, 258751.533, 101
Trd, 258751.900, 96
Trd, 258751.967, 103
Trd, 258752.550, 94
Trd, 258753.167, 107
Trd, 258753.233, 106
Trd, 258753.383, 103
Trd, 258753.650, 108
Trd, 258754.517, 111
Trd, 258755.000, 110
Trd, 258755.783, 112
Trd, 258755.817, 110
Trd, 258755.933, 108
Trd, 258756.483, 104
Trd, 258757.600, 107
Trd, 258757.617, 101
Trd, 258757.733, 109
Trd, 258757.783, 110
Trd, 258758.383, 103
Trd, 258758.983, 102
Trd, 258759.067, 101
Trd, 258759.167, 112
Trd, 258759.633, 111
Trd, 258759.683, 104
Trd, 258760.550, 111
Trd, 258761.200, 111
Trd, 258761.267, 112
Trd, 258761.383, 108
Trd, 258761.467, 101
Trd, 258761.517, 98
Trd, 258761.717, 95
Trd, 258761.750, 117
Trd, 258762.533, 112
Trd, 258762.617, 94
Trd, 258763.667, 97
Trd, 258763.700, 98
Trd, 258763.933, 99
Trd, 258764.317, 99
Trd, 258764.383, 101
Trd, 258765.050, 104
Trd, 258765.167, 98
Trd, 258765.367, 110
Trd, 258765.383, 100
Trd, 258766.867, 110
Trd, 258767.233, 106
Trd, 258767.450, 106
Trd, 258768.067, 107
Trd, 258768.367, 106
Trd, 258768.667, 104
Trd, 258768.683, 106
Trd, 258769.050, 98
Trd, 258769.067, 94
Trd, 258769.433, 105
Trd, 258770.300, 105
Trd, 258770.333, 104
Trd, 258770.733, 104
Trd, 258771.250, 112
Trd, 258771.400, 111
Trd, 258771.550, 105
Trd, 258771.583, 104
Trd, 258771.833, 103
Trd, 258771.917, 110
Trd, 258772.533, 102
Trd, 258773.533, 106
Trd, 258773.683, 106
Trd, 258773.717, 109
Trd, 258774.650, 107
Trd, 258774.950, 109
Trd, 258775.133, 108
Trd, 258775.333, 109
Trd, 258775.783, 109
Trd, 258776.267, 104
Trd, 258776.650, 109
Trd, 258776.833, 107
Trd, 258777.150, 114
Trd, 258777.233, 101
Trd, 258777.350, 98
Trd, 258777.500, 95
Trd, 258777.650, 94
Trd, 258779.600, 109
Trd, 258780.467, 108
Trd, 258780.583, 101
Trd, 258780.700, 99
Trd, 258781.533, 109
Trd, 258781.717, 107
Trd, 258782.150, 110
Trd, 258782.383, 110
Trd, 258783.050, 110
Trd, 258783.400, 110
Trd, 258783.600, 109
Trd, 258784.000, 106
Trd, 258784.283, 101
Trd, 258784.517, 98
Trd, 258784.550, 97
Trd, 258785.233, 99
Trd, 258785.483, 104
Trd, 258785.500, 99
Trd, 258785.550, 98
Trd, 258785.867, 98
Trd, 258786.133, 103
Trd, 258786.333, 104
Trd, 258786.817, 105
Trd, 258787.433, 100
Trd, 258787.633, 102
Trd, 258787.767, 100
Trd, 258788.033, 99
Trd, 258788.183, 98
Trd, 258788.400, 102
Trd, 258788.950, 103
Trd, 258789.033, 101
Trd, 258790.850, 102
Trd, 258790.950, 96
Trd, 258791.517, 98
Trd, 258792.150, 97
Trd, 258792.267, 97
Trd, 258792.567, 101
Trd, 258792.967, 101
Trd, 258793.083, 104
Trd, 258793.733, 99
Trd, 258794.000, 100
Trd, 258794.633, 112
Trd, 258794.867, 101
Trd, 258794.950, 118
Trd, 258795.217, 98
Trd, 258795.350, 100
Trd, 258795.483, 100
Trd, 258796.133, 112
Trd, 258796.867, 106
Trd, 258797.050, 110
Trd, 258797.900, 108
Trd, 258798.133, 107
Trd, 258798.317, 107
Trd, 258798.500, 105
Trd, 258798.800, 109
Trd, 258799.433, 108
Trd, 258799.500, 106
Trd, 258799.900, 106
Trd, 258800.617, 106
Trd, 258800.633, 107
Trd, 258800.783, 98
Trd, 258801.183, 109
Trd, 258801.867, 110
Trd, 258802.100, 107
Trd, 258802.300, 105
Trd, 258802.833, 111
Trd, 258803.217, 105
Trd, 258803.483, 104
Trd, 258803.817, 104
Trd, 258804.533, 101
Trd, 258804.833, 105
Trd, 258805.300, 104
Trd, 258806.883, 102
Trd, 258806.917, 101
Trd, 258807.150, 98
Trd, 258807.217, 102
Trd, 258807.450, 101
Trd, 258808.383, 99
Trd, 258809.100, 104
Trd, 258809.117, 106
Trd, 258809.167, 99
Trd, 258809.433, 98
Trd, 258809.800, 110
Trd, 258810.667, 103
Trd, 258810.683, 96
Trd, 258810.900, 104
Trd, 258810.950, 101
Trd, 258811.583, 99
Trd, 258811.717, 99
Trd, 258812.000, 98
Trd, 258812.050, 106
Trd, 258812.233, 96
Trd, 258814.350, 99
Trd, 258814.450, 101
Trd, 258814.633, 98
Trd, 258814.917, 103
Trd, 258815.167, 104
Trd, 258815.533, 101
Trd, 258815.800, 98
Trd, 258816.067, 95
Trd, 258816.200, 87
Trd, 258816.217, 103
Trd, 258816.533, 103
Trd, 258817.683, 104
Trd, 258818.517, 103
Trd, 258818.717, 105
Trd, 258818.800, 109
Trd, 258818.867, 110
Trd, 258819.383, 107
Trd, 258819.517, 106
Trd, 258820.300, 114
Trd, 258820.433, 110
Trd, 258820.500, 107
Trd, 258820.583, 101
Trd, 258821.483, 106
Trd, 258821.700, 105
Trd, 258822.250, 108
Trd, 258822.483, 107
Trd, 258822.783, 108
Trd, 258823.017, 106
Trd, 258823.867, 108
Trd, 258824.233, 106
Trd, 258825.300, 103
Trd, 258825.317, 99
Trd, 258825.867, 103
Trd, 258826.067, 105
Trd, 258827.100, 102
Trd, 258827.400, 102
Trd, 258827.650, 100
Trd, 258827.850, 105
Trd, 258828.600, 102
Trd, 258829.000, 102
Trd, 258829.167, 105
Trd, 258829.217, 106
Trd, 258829.467, 101
Trd, 258830.050, 110
Trd, 258830.250, 109
Trd, 258830.700, 106
Trd, 258830.783, 111
Trd, 258831.300, 98
Trd, 258832.417, 109
Trd, 258832.633, 111
Trd, 258833.000, 101
Trd, 258833.350, 102
Trd, 258833.633, 107
Trd, 258833.650, 112
Trd, 258834.133, 107
Trd, 258834.350, 102
Trd, 258834.400, 102
Trd, 258834.667, 113
Trd, 258834.933, 114
Trd, 258835.267, 104
Trd, 258835.567, 101
Trd, 258836.000, 93
Trd, 258836.600, 97
Trd, 258836.650, 96
Trd, 258836.733, 94
Trd, 258837.517, 100
Trd, 258837.683, 100
Trd, 258837.867, 97
Trd, 258838.167, 101
Trd, 258838.367, 96
Trd, 258838.850, 102
Trd, 258839.067, 93
Trd, 258839.650, 103
Trd, 258839.817, 104
Trd, 258840.100, 98
Trd, 258840.767, 98
Trd, 258841.317, 102
Trd, 258841.417, 109
Trd, 258841.667, 111
Trd, 258842.817, 101
Trd, 258842.933, 100
Trd, 258842.950, 107
Trd, 258843.767, 104
Trd, 258843.833, 103
Trd, 258844.000, 105
Trd, 258844.200, 106
Trd, 258844.800, 104
Trd, 258845.417, 104
Trd, 258845.433, 103
Trd, 258845.567, 101
Trd, 258845.800, 107
Trd, 258845.917, 107
Trd, 258846.000, 108
Trd, 258846.283, 102
Trd, 258846.583, 117
Trd, 258846.767, 100
Trd, 258847.100, 111
Trd, 258847.350, 110
Trd, 258849.317, 103
Trd, 258849.533, 102
Trd, 258850.317, 103
Trd, 258850.633, 102
Trd, 258850.800, 101
Trd, 258851.067, 98
Trd, 258851.133, 93
Trd, 258851.217, 90
Trd, 258851.283, 87
Trd, 258853.083, 102
Trd, 258853.233, 103
Trd, 258853.367, 104
Trd, 258853.417, 96
Trd, 258853.650, 104
Trd, 258853.833, 106
Trd, 258854.183, 101
Trd, 258854.967, 106
Trd, 258855.950, 106
Trd, 258856.317, 105
Trd, 258856.517, 104
Trd, 258856.867, 108
Trd, 258857.283, 104
Trd, 258857.633, 108
Trd, 258857.917, 109
Trd, 258858.900, 100
Trd, 258859.117, 100
Trd, 258859.633, 100
Trd, 258859.933, 102
Trd, 258860.017, 97
Trd, 258860.333, 98
Trd, 258861.050, 102
Trd, 258862.100, 103
Trd, 258862.150, 104
Trd, 258862.183, 106
Trd, 258862.300, 103
Trd, 258863.433, 111
Trd, 258863.583, 108
Trd, 258863.967, 110
Trd, 258864.050, 109
Trd, 258864.333, 115
Trd, 258864.383, 117
Trd, 258864.867, 113
Trd, 258865.167, 117
Trd, 258865.183, 112
Trd, 258865.283, 107
Trd, 258865.567, 121
Trd, 258867.117, 102
Trd, 258867.300, 100
Trd, 258867.950, 105
Trd, 258868.033, 102
Trd, 258868.517, 102
Trd, 258868.967, 105
Trd, 258869.000, 106
Trd, 258869.050, 104
Trd, 258869.317, 110
Trd, 258869.333, 98
Trd, 258869.950, 99
Trd, 258871.167, 104
Trd, 258871.300, 104
Trd, 258871.333, 106
Trd, 258871.450, 104
Trd, 258872.117, 104
Trd, 258872.867, 108
Trd, 258873.100, 103
Trd, 258873.233, 99
Trd, 258874.117, 98
Trd, 258874.567, 100
Trd, 258874.850, 103
Trd, 258875.400, 103
Trd, 258875.650, 94
Trd, 258876.550, 104
Trd, 258878.767, 108
Trd, 258878.900, 110
Trd, 258879.233, 109
Trd, 258879.567, 108
Trd, 258879.667, 108
Trd, 258879.717, 107
Trd, 258880.467, 106
Trd, 258880.500, 107
Trd, 258880.550, 105
Trd, 258880.700, 108
Trd, 258881.083, 109
Trd, 258881.583, 110
Trd, 258881.900, 111
Trd, 258882.033, 109
Trd, 258882.400, 105
Trd, 258883.250, 110
Trd, 258883.783, 106
Trd, 258883.850, 110
Trd, 258884.217, 106
Trd, 258884.667, 103
Trd, 258884.883, 104
Trd, 258885.433, 100
Trd, 258885.950, 102
Trd, 258886.083, 105
Trd, 258886.200, 98
Trd, 258886.650, 105
Trd, 258886.867, 103
Trd, 258887.000, 96
Trd, 258887.233, 104
Trd, 258887.600, 109
Trd, 258888.600, 101
Trd, 258889.083, 106
Trd, 258889.233, 106
Trd, 258889.567, 106
Trd, 258889.600, 105
Trd, 258889.683, 107
Trd, 258890.700, 100
Trd, 258890.933, 100
Trd, 258891.500, 101
Trd, 258891.683, 100
Trd, 258891.817, 104
Trd, 258892.267, 99
Trd, 258892.617, 113
Trd, 258892.917, 109
Trd, 258893.383, 104
Trd, 258894.133, 102
Trd, 258894.183, 104
Trd, 258894.333, 106
Trd, 258894.533, 101
Trd, 258895.133, 102
Trd, 258895.800, 98
Trd, 258895.933, 94
Trd, 258896.317, 99
Trd, 258896.450, 99
Trd, 258897.083, 104
Trd, 258897.600, 98
Trd, 258898.367, 109
Trd, 258898.600, 110
Trd, 258898.633, 109
Trd, 258898.817, 108
Trd, 258899.000, 99
Trd, 258899.117, 98
Trd, 258899.600, 93
Trd, 258899.767, 94
Trd, 258900.033, 104
Trd, 258900.050, 104
Trd, 258900.417, 95
Trd, 258900.833, 107
Trd, 258902.217, 109
Trd, 258902.867, 109
Trd, 258903.183, 105
Trd, 258903.450, 110
Trd, 258903.467, 112
Trd, 258903.817, 106
Trd, 258903.983, 106
Trd, 258904.450, 104
Trd, 258904.933, 105
Trd, 258905.000, 106
Trd, 258905.233, 101
Trd, 258906.167, 101
Trd, 258906.333, 105
Trd, 258906.583, 101
Trd, 258907.067, 98
Trd, 258907.900, 97
Trd, 258908.300, 98
Trd, 258908.450, 99
Trd, 258908.683, 104
Trd, 258909.150, 101
Trd, 258909.567, 95
Trd, 258909.650, 95
Trd, 258910.133, 105
Trd, 258910.383, 96
Trd, 258910.617, 107
Trd, 258910.817, 105
Trd, 258911.617, 107
Trd, 258912.200, 107
Trd, 258912.283, 105
Trd, 258913.033, 104
Trd, 258913.150, 103
Trd, 258913.367, 105
Trd, 258913.667, 105
Trd, 258913.867, 102
Trd, 258914.483, 101
Trd, 258915.167, 98
Trd, 258915.183, 104
Trd, 258916.217, 97
Trd, 258916.517, 95
Trd, 258916.767, 103
Trd, 258916.983, 99
Trd, 258917.267, 93
Trd, 258917.433, 91
Trd, 258917.833, 99
Trd, 258918.267, 100
Trd, 258918.700, 108
Trd, 258919.067, 111
Trd, 258919.183, 111
Trd, 258919.417, 112
Trd, 258919.817, 110
Trd, 258920.133, 111
Trd, 258920.500, 119
Trd, 258920.850, 111
Trd, 258920.867, 109
Trd, 258921.100, 100
Trd, 258922.217, 111
Trd, 258923.033, 112
Trd, 258923.317, 112
Trd, 258923.483, 113
Trd, 258923.917, 109
Trd, 258925.133, 109
Trd, 258925.183, 113
Trd, 258925.367, 109
Trd, 258925.583, 108
Trd, 258925.900, 111
Trd, 258926.150, 110
Trd, 258926.333, 106
Trd, 258926.817, 110
Trd, 258927.750, 104
Trd, 258927.900, 109
Trd, 258927.917, 102
Trd, 258927.967, 101
Trd, 258928.417, 99
Trd, 258928.950, 98
Trd, 258929.267, 108
Trd, 258929.383, 109
Trd, 258929.500, 101
Trd, 258930.017, 112
Trd, 258930.467, 101
Trd, 258931.233, 98
Trd, 258931.983, 102
Trd, 258932.600, 101
Trd, 258932.667, 101
Trd, 258932.767, 102
Trd, 258932.800, 101
Trd, 258933.217, 105
Trd, 258933.317, 106
Trd, 258933.667, 105
Trd, 258934.000, 106
Trd, 258934.050, 98
Trd, 258934.600, 104
Trd, 258934.733, 108
Trd, 258935.367, 99
Trd, 258935.500, 98
Trd, 258935.833, 109
Trd, 258936.133, 109
Trd, 258936.150, 95
Trd, 258936.517, 100
Trd, 258937.133, 97
Trd, 258937.583, 109
Trd, 258937.683, 92
Trd, 258938.250, 117
Trd, 258939.167, 95
Trd, 258939.183, 94
Trd, 258939.517, 105
Trd, 258939.783, 100
Trd, 258939.917, 108
Trd, 258939.933, 91
Trd, 258940.433, 91
Trd, 258941.550, 91
Trd, 258941.567, 101
Trd, 258941.633, 103
Trd, 258941.967, 103
Trd, 258942.233, 110
Trd, 258942.267, 109
Trd, 258942.817, 109
Trd, 258942.850, 101
Trd, 258943.117, 95
Trd, 258944.117, 101
Trd, 258944.950, 100
Trd, 258945.150, 106
Trd, 258945.183, 107
Trd, 258945.250, 111
Trd, 258945.417, 98
Trd, 258945.617, 112
Trd, 258946.433, 102
Trd, 258946.450, 111
Trd, 258946.917, 103
Trd, 258947.050, 103
Trd, 258947.100, 115
Trd, 258947.683, 117
Trd, 258947.783, 98
Trd, 258948.800, 108
Trd, 258949.200, 101
Trd, 258949.850, 99
Trd, 258950.233, 98
Trd, 258950.433, 104
Trd, 258951.050, 95
Trd, 258951.850, 99
Trd, 258951.950, 100
Trd, 258952.450, 120
Trd, 258952.750, 121
Trd, 258953.050, 120
Trd, 258954.283, 110
Trd, 258954.350, 107
Trd, 258954.650, 106
Trd, 258954.800, 104
Trd, 258954.983, 108
Trd, 258955.317, 102
Trd, 258955.783, 110
Trd, 258955.800, 102
Trd, 258955.883, 101
Trd, 258956.733, 111
Trd, 258956.750, 112
Trd, 258957.333, 117
Trd, 258958.367, 102
Trd, 258958.583, 106
Trd, 258958.600, 103
Trd, 258958.900, 104
Trd, 258958.933, 102
Trd, 258959.233, 100
Trd, 258959.700, 117
Trd, 258960.617, 101
Trd, 258961.283, 110
Trd, 258961.583, 110
Trd, 258961.783, 110
Trd, 258962.033, 112
Trd, 258962.650, 111
Trd, 258962.683, 110
Trd, 258962.983, 109
Trd, 258963.017, 111
Trd, 258963.100, 98
Trd, 258964.017, 102
Trd, 258964.600, 101
Trd, 258964.817, 108
Trd, 258965.667, 103
Trd, 258966.050, 106
Trd, 258966.100, 104
Trd, 258966.383, 100
Trd, 258966.400, 107
Trd, 258966.883, 111
Trd, 258966.917, 104
Trd, 258967.217, 118
Trd, 258967.650, 94
Trd, 258967.667, 93
Trd, 258967.683, 120
Trd, 258968.717, 92
Trd, 258969.183, 109
Trd, 258970.350, 101
Trd, 258970.817, 96
Trd, 258971.450, 96
Trd, 258971.667, 96
Trd, 258972.033, 95
Trd, 258972.833, 95
Trd, 258972.967, 93
Trd, 258973.117, 93
Trd, 258973.800, 98
Trd, 258974.150, 93
Trd, 258974.200, 101
Trd, 258974.367, 108
Trd, 258975.400, 105
Trd, 258976.083, 105
Trd, 258976.300, 106
Trd, 258976.350, 107
Trd, 258976.450, 104
Trd, 258976.583, 101
Trd, 258976.600, 98
Trd, 258976.783, 95
Trd, 258976.817, 111
Trd, 258977.200, 112
Trd, 258978.200, 92
Trd, 258978.267, 97
Trd, 258978.567, 109
Trd, 258978.800, 90
Trd, 258979.133, 87
Trd, 258980.233, 101
Trd, 258980.550, 100
Trd, 258981.033, 100
Trd, 258981.083, 100
Trd, 258981.100, 101
Trd, 258981.717, 103
Trd, 258982.050, 101
Trd, 258982.333, 105
Trd, 258983.200, 106
Trd, 258983.483, 106
Trd, 258984.067, 107
Trd, 258984.883, 109
Trd, 258985.217, 107
Trd, 258985.550, 112
Trd, 258985.583, 106
Trd, 258985.650, 102
Trd, 258986.117, 102
Trd, 258986.483, 100
Trd, 258987.017, 100
Trd, 258987.050, 99
Trd, 258987.150, 102
Trd, 258987.550, 101
Trd, 258987.633, 99
Trd, 258989.083, 98
Trd, 258989.517, 102
Trd, 258989.667, 106
Trd, 258989.983, 101
Trd, 258990.433, 101
Trd, 258990.600, 106
Trd, 258991.067, 100
Trd, 258992.017, 96
Trd, 258992.033, 95
Trd, 258992.133, 111
Trd, 258992.183, 112
Trd, 258992.667, 107
Trd, 258992.767, 93
Trd, 258993.850, 109
Trd, 258994.200, 111
Trd, 258995.233, 112
Trd, 258995.317, 114
Trd, 258995.450, 114
Trd, 258995.517, 112
Trd, 258996.117, 112
Trd, 258996.517, 111
Trd, 258996.683, 110
Trd, 258996.950, 109
Trd, 258997.000, 104
Trd, 258997.233, 109
Trd, 258998.100, 100
Trd, 258998.600, 99
Trd, 258998.683, 100
Trd, 258998.983, 101
Trd, 258999.067, 99
Trd, 258999.467, 98
Trd, 259000.033, 95
Trd, 259000.617, 98
Trd, 259000.717, 95
Trd, 259000.850, 93
Trd, 259001.000, 88
Trd, 259001.217, 87
Trd, 259001.600, 87
Trd, 259002.933, 95
Trd, 259002.967, 87
Trd, 259003.183, 100
Trd, 259003.300, 85
Trd, 259003.633, 101
Trd, 259005.000, 100
Trd, 259005.217, 101
Trd, 259005.283, 104
Trd, 259005.783, 103
Trd, 259005.833, 101
Trd, 259005.967, 110
Trd, 259006.167, 111
Trd, 259006.183, 110
Trd, 259006.317, 98
Trd, 259006.417, 96
Trd, 259007.167, 101
Trd, 259007.600, 93
Trd, 259008.033, 97
Trd, 259008.300, 102
Trd, 259009.150, 96
Trd, 259009.233, 106
Trd, 259010.067, 101
Trd, 259011.083, 104
Trd, 259011.333, 104
Trd, 259011.567, 102
Trd, 259012.267, 105
Trd, 259013.200, 104
Trd, 259013.317, 109
Trd, 259013.417, 103
Trd, 259013.833, 109
Trd, 259014.100, 105
Trd, 259014.383, 100
Trd, 259014.900, 101
Trd, 259015.233, 106
Trd, 259015.683, 109
Trd, 259016.017, 106
Trd, 259016.417, 108
Trd, 259016.500, 103
Trd, 259016.550, 109
Trd, 259016.733, 102
Trd, 259017.317, 104
Trd, 259017.617, 110
Trd, 259017.633, 103
Trd, 259018.250, 112
Trd, 259019.383, 104
Trd, 259020.233, 107
Trd, 259020.900, 106
Trd, 259020.983, 106
Trd, 259021.533, 105
Trd, 259021.717, 104
Trd, 259022.083, 100
Trd, 259022.167, 99
Trd, 259023.183, 100
Trd, 259023.367, 100
Trd, 259023.733, 101
Trd, 259023.767, 102
Trd, 259023.867, 108
Trd, 259024.600, 103
Trd, 259025.133, 105
Trd, 259025.633, 110
Trd, 259025.667, 112
Trd, 259025.900, 108
Trd, 259026.617, 115
Trd, 259026.967, 107
Trd, 259027.283, 106
Trd, 259027.400, 106
Trd, 259027.417, 109
Trd, 259027.517, 104
Trd, 259027.700, 111
Trd, 259027.933, 101
Trd, 259028.933, 117
Trd, 259029.433, 98
Trd, 259029.617, 94
Trd, 259030.100, 105
Trd, 259030.267, 96
Trd, 259030.367, 98
Trd, 259030.433, 95
Trd, 259031.350, 100
Trd, 259031.867, 106
Trd, 259032.000, 94
Trd, 259032.167, 93
Trd, 259033.517, 101
Trd, 259033.567, 107
Trd, 259033.883, 95
Trd, 259034.450, 110
Trd, 259034.533, 109
Trd, 259034.617, 108
Trd, 259034.750, 95
Trd, 259035.617, 94
Trd, 259035.767, 94
Trd, 259036.167, 93
Trd, 259036.200, 101
Trd, 259036.217, 92
Trd, 259036.583, 101
Trd, 259037.650, 104
Trd, 259037.767, 104
Trd, 259037.917, 109
Trd, 259038.117, 108
Trd, 259038.667, 112
Trd, 259039.367, 120
Trd, 259039.700, 119
Trd, 259040.117, 117
Trd, 259040.300, 118
Trd, 259040.400, 105
Trd, 259040.933, 111
Trd, 259041.383, 104
Trd, 259041.833, 109
Trd, 259041.917, 117
Trd, 259042.383, 104
Trd, 259042.683, 103
Trd, 259042.950, 101
Trd, 259043.183, 99
Trd, 259043.917, 106
Trd, 259044.133, 107
Trd, 259044.283, 102
Trd, 259044.383, 101
Trd, 259044.533, 100
Trd, 259045.583, 107
Trd, 259045.750, 106
Trd, 259045.817, 104
Trd, 259045.933, 107
Trd, 259046.083, 98
Trd, 259046.317, 95
Trd, 259047.617, 98
Trd, 259048.750, 107
Trd, 259048.967, 109
Trd, 259049.433, 111
Trd, 259049.850, 110
Trd, 259049.917, 112
Trd, 259049.983, 110
Trd, 259050.467, 109
Trd, 259050.950, 106
Trd, 259051.067, 110
Trd, 259051.117, 106
Trd, 259051.383, 105
Trd, 259051.550, 104
Trd, 259051.567, 101
Trd, 259052.100, 98
Trd, 259052.367, 105
Trd, 259052.867, 103
Trd, 259053.533, 104
Trd, 259054.167, 105
Trd, 259054.433, 104
Trd, 259054.733, 103
Trd, 259054.850, 100
Trd, 259055.217, 106
Trd, 259055.467, 101
Trd, 259055.583, 98
Trd, 259056.617, 112
Trd, 259056.733, 101
Trd, 259057.100, 107
Trd, 259057.117, 101
Trd, 259057.317, 100
Trd, 259058.167, 124
Trd, 259058.550, 99
Trd, 259059.150, 109
Trd, 259059.617, 106
Trd, 259060.067, 108
Trd, 259060.100, 105
Trd, 259060.117, 104
Trd, 259060.717, 111
Trd, 259060.817, 111
Trd, 259061.517, 116
Trd, 259062.517, 113
Trd, 259062.683, 111
Trd, 259062.800, 108
Trd, 259062.867, 117
Trd, 259063.283, 106
Trd, 259063.567, 104
Trd, 259064.350, 110
Trd, 259065.000, 105
Trd, 259065.567, 105
Trd, 259065.700, 105
Trd, 259065.850, 107
Trd, 259065.917, 104
Trd, 259066.617, 106
Trd, 259066.667, 103
Trd, 259066.900, 98
Trd, 259067.233, 107
Trd, 259068.283, 105
Trd, 259068.533, 101
Trd, 259068.867, 103
Trd, 259068.900, 104
Trd, 259069.933, 105
Trd, 259069.983, 106
Trd, 259070.400, 104
Trd, 259070.517, 103
Trd, 259070.767, 110
Trd, 259071.133, 100
Trd, 259072.150, 101
Trd, 259072.167, 100
Trd, 259072.417, 107
Trd, 259073.650, 98
Trd, 259074.133, 96
Trd, 259074.383, 98
Trd, 259074.417, 100
Trd, 259074.683, 102
Trd, 259075.750, 102
Trd, 259075.817, 101
Trd, 259076.067, 106
Trd, 259076.700, 112
Trd, 259077.167, 107
Trd, 259077.867, 108
Trd, 259078.217, 109
Trd, 259078.700, 109
Trd, 259079.050, 110
Trd, 259079.150, 104
Trd, 259079.583, 102
Trd, 259079.683, 111
Trd, 259079.850, 102
Trd, 259079.917, 101
Trd, 259079.967, 98
Trd, 259080.833, 98
Trd, 259081.200, 99
Trd, 259081.400, 110
Trd, 259081.650, 112
Trd, 259083.067, 101
Trd, 259083.300, 103
Trd, 259083.700, 113
Trd, 259083.967, 96
Trd, 259084.083, 94
Trd, 259084.117, 90
Trd, 259084.850, 109
Trd, 259085.333, 109
Trd, 259085.983, 108
Trd, 259086.100, 108
Trd, 259086.150, 109
Trd, 259086.433, 110
Trd, 259086.600, 109
Trd, 259087.350, 111
Trd, 259087.817, 108
Trd, 259087.917, 110
Trd, 259088.283, 107
Trd, 259088.700, 106
Trd, 259088.800, 107
Trd, 259088.983, 111
Trd, 259089.767, 102
Trd, 259090.400, 103
Trd, 259091.233, 104
Trd, 259091.250, 102
Trd, 259091.683, 104
Trd, 259091.983, 101
Trd, 259092.050, 98
Trd, 259092.800, 95
Trd, 259093.133, 100
Trd, 259093.367, 101
Trd, 259094.050, 99
Trd, 259094.083, 96
Trd, 259094.183, 95
Trd, 259094.717, 101
Trd, 259094.917, 109
Trd, 259096.050, 110
Trd, 259096.400, 111
Trd, 259096.467, 111
Trd, 259097.517, 111
Trd, 259097.717, 120
Trd, 259098.117, 109
Trd, 259098.217, 106
Trd, 259098.567, 117
Trd, 259098.600, 105
Trd, 259099.167, 105
Trd, 259099.217, 103
Trd, 259099.450, 101
Trd, 259099.633, 105
Trd, 259100.333, 94
Trd, 259100.450, 109
Trd, 259100.833, 94
Trd, 259101.133, 107
Trd, 259101.200, 108
Trd, 259102.400, 104
Trd, 259102.533, 104
Trd, 259103.183, 105
Trd, 259103.200, 100
Trd, 259103.300, 94
Trd, 259103.500, 108
Trd, 259104.417, 97
Trd, 259104.600, 107
Trd, 259104.883, 108
Trd, 259105.200, 100
Trd, 259105.650, 108
Trd, 259106.233, 112
Trd, 259106.917, 108
Trd, 259107.467, 113
Trd, 259107.583, 112
Trd, 259108.550, 108
Trd, 259108.667, 108
Trd, 259108.800, 106
Trd, 259108.817, 106
Trd, 259109.317, 104
Trd, 259109.367, 108
Trd, 259109.400, 109
Trd, 259109.950, 95
Trd, 259110.083, 93
Trd, 259110.350, 103
Trd, 259111.333, 103
Trd, 259111.417, 102
Trd, 259112.183, 111
Trd, 259112.483, 106
Trd, 259112.883, 101
Trd, 259113.417, 101
Trd, 259113.450, 105
Trd, 259113.583, 99
Trd, 259113.650, 100
Trd, 259113.933, 109
Trd, 259114.650, 98
Trd, 259114.700, 105
Trd, 259114.817, 95
Trd, 259115.850, 93
Trd, 259116.683, 96
Trd, 259116.983, 97
Trd, 259117.250, 99
Trd, 259117.550, 97
Trd, 259117.750, 108
Trd, 259118.383, 109
Trd, 259118.867, 108
Trd, 259118.917, 118
Trd, 259119.400, 107
Trd, 259119.583, 121
Trd, 259119.717, 106
Trd, 259121.350, 106
Trd, 259121.733, 104
Trd, 259122.033, 108
Trd, 259122.700, 104
Trd, 259123.200, 105
Trd, 259123.417, 103
Trd, 259123.633, 106
Trd, 259124.133, 101
Trd, 259125.017, 102
Trd, 259125.133, 103
Trd, 259125.183, 104
Trd, 259125.317, 101
Trd, 259125.500, 100
Trd, 259125.817, 106
Trd, 259127.233, 103
Trd, 259128.450, 100
Trd, 259129.217, 101
Trd, 259129.267, 104
Trd, 259129.300, 100
Trd, 259129.400, 99
Trd, 259129.550, 98
Trd, 259129.767, 96
Trd, 259130.450, 110
Trd, 259130.500, 113
Trd, 259130.800, 110
Trd, 259130.900, 109
Trd, 259130.933, 104
Trd, 259132.817, 101
Trd, 259132.917, 106
Trd, 259133.633, 103
Trd, 259133.667, 103
Trd, 259133.917, 103
Trd, 259134.017, 106
Trd, 259134.233, 103
Trd, 259134.683, 102
Trd, 259135.750, 105
Trd, 259136.033, 99
Trd, 259137.300, 104
Trd, 259137.867, 100
Trd, 259138.400, 105
Trd, 259138.467, 106
Trd, 259138.583, 109
Trd, 259138.767, 103
Trd, 259138.817, 99
Trd, 259139.433, 109
Trd, 259139.600, 118
Trd, 259140.050, 104
Trd, 259140.317, 104
Trd, 259140.650, 104
Trd, 259140.783, 98
Trd, 259141.050, 90
Trd, 259141.267, 97
Trd, 259141.283, 98
Trd, 259142.183, 101
Trd, 259142.583, 110
Trd, 259143.367, 101
Trd, 259143.550, 103
Trd, 259143.650, 102
Trd, 259143.783, 105
Trd, 259144.467, 105
Trd, 259144.700, 105
Trd, 259145.433, 105
Trd, 259145.500, 105
Trd, 259145.733, 104
Trd, 259146.033, 106
Trd, 259146.433, 102
Trd, 259146.750, 107
Trd, 259147.017, 109
Trd, 259147.033, 100
Trd, 259147.767, 110
Trd, 259148.117, 104
Trd, 259148.183, 112
Trd, 259148.567, 99
Trd, 259148.650, 98
Trd, 259149.483, 99
Trd, 259150.017, 114
Trd, 259150.050, 107
Trd, 259150.417, 108
Trd, 259150.967, 105
Trd, 259152.450, 108
Trd, 259152.683, 107
Trd, 259152.867, 106
Trd, 259153.150, 110
Trd, 259153.400, 110
Trd, 259153.550, 100
Trd, 259154.433, 108
Trd, 259154.850, 100
Trd, 259155.333, 103
Trd, 259155.433, 100
Trd, 259155.850, 104
Trd, 259156.283, 112
Trd, 259156.767, 112
Trd, 259157.117, 111
Trd, 259157.133, 106
Trd, 259157.250, 112
Trd, 259157.683, 105
Trd, 259158.250, 104
Trd, 259158.300, 115
Trd, 259158.600, 104
Trd, 259158.800, 109
Trd, 259159.550, 104
Trd, 259159.583, 117
Trd, 259159.950, 102
Trd, 259160.217, 101
Trd, 259160.450, 97
Trd, 259160.900, 108
Trd, 259161.117, 97
Trd, 259161.433, 98
Trd, 259161.950, 96
Trd, 259162.017, 95
Trd, 259162.600, 104
Trd, 259163.533, 103
Trd, 259163.917, 101
Trd, 259164.217, 94
Trd, 259164.400, 101
Trd, 259164.417, 104
Trd, 259164.583, 109
Trd, 259165.250, 109
Trd, 259165.683, 104
Trd, 259165.967, 105
Trd, 259166.183, 104
Trd, 259166.350, 103
Trd, 259166.933, 95
Trd, 259167.017, 84
Trd, 259167.900, 97
Trd, 259168.500, 103
Trd, 259168.517, 95
Trd, 259168.667, 94
Trd, 259168.683, 104
Trd, 259169.000, 91
Trd, 259169.500, 92
Trd, 259169.533, 100
Trd, 259169.900, 109
Trd, 259170.650, 115
Trd, 259170.717, 114
Trd, 259170.867, 120
Trd, 259171.850, 118
Trd, 259172.183, 117
Trd, 259173.000, 103
Trd, 259173.150, 101
Trd, 259173.200, 118
Trd, 259173.500, 103
Trd, 259173.750, 101
Trd, 259173.800, 95
Trd, 259174.267, 119
Trd, 259174.517, 93
Trd, 259175.067, 119
Trd, 259176.067, 111
Trd, 259176.700, 95
Trd, 259177.683, 96
Trd, 259178.583, 94
Trd, 259179.050, 102
Trd, 259179.300, 94
Trd, 259179.333, 93
Trd, 259179.600, 101
Trd, 259179.633, 95
Trd, 259179.883, 102
Trd, 259180.150, 101
Trd, 259180.583, 92
Trd, 259180.767, 104
Trd, 259180.933, 107
Trd, 259181.583, 111
Trd, 259181.733, 110
Trd, 259181.833, 112
Trd, 259182.450, 109
Trd, 259182.967, 109
Trd, 259183.133, 112
Trd, 259183.683, 105
Trd, 259183.967, 109
Trd, 259184.033, 103
Trd, 259184.250, 104
Trd, 259185.183, 106
Trd, 259185.250, 107
Trd, 259185.367, 106
Trd, 259185.383, 105
Trd, 259185.450, 101
Trd, 259186.100, 100
Trd, 259187.450, 105
Trd, 259187.583, 104
Trd, 259187.683, 98
Trd, 259187.750, 98
Trd, 259188.267, 104
Trd, 259188.433, 98
Trd, 259188.550, 95
Trd, 259189.050, 94
Trd, 259189.317, 97
Trd, 259189.617, 100
Trd, 259190.500, 101
Trd, 259190.700, 104
Trd, 259190.917, 98
Trd, 259191.583, 98
Trd, 259192.483, 98
Trd, 259192.683, 101
Trd, 259192.900, 106
Trd, 259193.117, 104
Trd, 259193.950, 108
Trd, 259194.033, 103
Trd, 259194.150, 112
Trd, 259194.333, 98
Trd, 259194.933, 98
Trd, 259195.250, 97
Trd, 259195.583, 101
Trd, 259196.167, 103
Trd, 259196.450, 102
Trd, 259196.683, 101
Trd, 259196.767, 99
Trd, 259196.983, 103
Trd, 259197.267, 103
Trd, 259197.367, 98
Trd, 259198.217, 102
Trd, 259198.300, 96
Trd, 259198.517, 104
Trd, 259199.067, 109
Trd, 259199.100, 99
Trd, 259199.400, 98
