Trd, 258502.467, 99
Trd, 258502.550, 101
Trd, 258503.067, 103
Trd, 258503.417, 105
Trd, 258503.483, 105
Trd, 258503.617, 104
Trd, 258503.650, 104
Trd, 258504.500, 105
Trd, 258505.383, 105
Trd, 258505.817, 104
Trd, 258505.983, 102
Trd, 258506.083, 103
Trd, 258506.783, 102
Trd, 258507.167, 103
Trd, 258507.700, 106
Trd, 258508.167, 105
Trd, 258508.267, 106
Trd, 258508.633, 106
Trd, 258508.667, 105
Trd, 258508.717, 107
Trd, 258510.050, 110
Trd, 258510.617, 106
Trd, 258510.967, 105
Trd, 258511.617, 102
Trd, 258512.717, 100
Trd, 258513.050, 101
Trd, 258513.200, 101
Trd, 258513.250, 102
Trd, 258513.950, 102
Trd, 258514.567, 102
Trd, 258514.683, 100
Trd, 258515.667, 99
Trd, 258515.950, 100
Trd, 258516.117, 99
Trd, 258516.317, 99
Trd, 258516.450, 99
Trd, 258516.717, 99
Trd, 258516.833, 100
Trd, 258516.933, 103
Trd, 258517.417, 102
Trd, 258517.433, 98
Trd, 258517.483, 90
Trd, 258518.200, 95
Trd, 258518.450, 104
Trd, 258519.867, 107
Trd, 258520.217, 108
Trd, 258520.383, 108
Trd, 258520.567, 105
Trd, 258520.933, 109
Trd, 258521.117, 104
Trd, 258521.533, 105
Trd, 258522.217, 106
Trd, 258522.233, 105
Trd, 258522.250, 107
Trd, 258523.467, 102
Trd, 258523.600, 102
Trd, 258524.050, 102
Trd, 258524.783, 102
Trd, 258524.883, 103
Trd, 258525.133, 101
Trd, 258526.467, 103
Trd, 258526.783, 102
Trd, 258526.933, 106
Trd, 258527.617, 103
Trd, 258527.750, 101
Trd, 258528.150, 103
Trd, 258528.767, 104
Trd, 258529.167, 105
Trd, 258529.567, 106
Trd, 258529.867, 105
Trd, 258529.900, 109
Trd, 258530.583, 111
Trd, 258530.767, 104
Trd, 258531.900, 108
Trd, 258532.767, 105
Trd, 258533.417, 106
Trd, 258533.700, 107
Trd, 258534.267, 108
Trd, 258534.517, 111
Trd, 258534.767, 108
Trd, 258534.817, 107
Trd, 258534.833, 104
Trd, 258536.600, 105
Trd, 258536.850, 105
Trd, 258537.583, 106
Trd, 258537.683, 103
Trd, 258537.750, 106
Trd, 258538.400, 104
Trd, 258538.767, 103
Trd, 258539.367, 104
Trd, 258539.917, 104
Trd, 258540.150, 109
Trd, 258540.567, 108
Trd, 258541.183, 107
Trd, 258541.450, 106
Trd, 258542.067, 104
Trd, 258542.233, 104
Trd, 258542.583, 104
Trd, 258543.383, 103
Trd, 258544.717, 99
Trd, 258544.800, 99
Trd, 258545.033, 100
Trd, 258545.217, 96
Trd, 258545.267, 99
Trd, 258545.717, 113
Trd, 258546.383, 115
Trd, 258547.050, 101
Trd, 258547.617, 105
Trd, 258547.950, 105
Trd, 258548.083, 107
Trd, 258548.983, 109
Trd, 258549.217, 108
Trd, 258549.400, 109
Trd, 258550.133, 109
Trd, 258550.450, 109
Trd, 258550.600, 109
Trd, 258550.700, 110
Trd, 258550.717, 108
Trd, 258550.950, 107
Trd, 258552.150, 113
Trd, 258552.683, 110
Trd, 258552.783, 102
Trd, 258554.133, 105
Trd, 258554.200, 104
Trd, 258554.333, 105
Trd, 258554.567, 104
Trd, 258554.667, 97
Trd, 258555.750, 100
Trd, 258555.933, 100
Trd, 258556.550, 100
Trd, 258556.600, 99
Trd, 258558.133, 100
Trd, 258558.467, 100
Trd, 258558.717, 100
Trd, 258558.950, 99
Trd, 258559.817, 97
Trd, 258560.400, 96
Trd, 258560.583, 97
Trd, 258560.717, 98
Trd, 258560.767, 97
Trd, 258561.283, 101
Trd, 258561.450, 103
Trd, 258562.350, 104
Trd, 258562.650, 102
Trd, 258562.700, 104
Trd, 258563.217, 105
Trd, 258564.317, 109
Trd, 258564.667, 109
Trd, 258565.100, 107
Trd, 258565.183, 106
Trd, 258566.500, 105
Trd, 258566.683, 106
Trd, 258567.267, 106
Trd, 258567.283, 105
Trd, 258567.500, 101
Trd, 258568.150, 98
Trd, 258568.917, 99
Trd, 258569.033, 98
Trd, 258569.217, 98
Trd, 258570.117, 95
Trd, 258570.433, 96
Trd, 258570.483, 95
Trd, 258570.850, 97
Trd, 258571.250, 99
Trd, 258571.450, 97
Trd, 258571.517, 99
Trd, 258572.367, 101
Trd, 258572.517, 101
Trd, 258572.833, 102
Trd, 258572.883, 104
Trd, 258573.717, 106
Trd, 258574.833, 111
Trd, 258575.133, 110
Trd, 258575.150, 109
Trd, 258575.250, 108
Trd, 258575.700, 109
Trd, 258576.250, 105
Trd, 258576.733, 107
Trd, 258577.150, 105
Trd, 258577.250, 104
Trd, 258577.317, 104
Trd, 258577.550, 104
Trd, 258577.767, 103
Trd, 258577.883, 102
Trd, 258578.100, 101
Trd, 258578.283, 104
Trd, 258578.833, 97
Trd, 258579.500, 107
Trd, 258580.983, 106
Trd, 258581.383, 104
Trd, 258581.950, 103
Trd, 258582.300, 104
Trd, 258582.433, 104
Trd, 258582.933, 104
Trd, 258582.967, 103
Trd, 258583.850, 105
Trd, 258584.067, 104
Trd, 258584.200, 103
Trd, 258584.367, 105
Trd, 258585.100, 104
Trd, 258585.233, 105
Trd, 258586.300, 102
Trd, 258586.567, 103
Trd, 258587.300, 104
Trd, 258587.417, 103
Trd, 258588.017, 104
Trd, 258588.133, 104
Trd, 258588.250, 103
Trd, 258588.283, 101
Trd, 258589.133, 103
Trd, 258589.900, 101
Trd, 258590.683, 104
Trd, 258591.150, 102
Trd, 258591.217, 106
Trd, 258591.367, 101
Trd, 258591.767, 104
Trd, 258591.850, 105
Trd, 258591.867, 106
Trd, 258592.367, 104
Trd, 258592.567, 105
Trd, 258593.033, 103
Trd, 258593.250, 101
Trd, 258593.817, 104
Trd, 258594.117, 99
Trd, 258595.333, 98
Trd, 258595.783, 91
Trd, 258596.733, 95
Trd, 258597.083, 95
Trd, 258597.217, 96
Trd, 258597.533, 101
Trd, 258597.700, 98
Trd, 258597.883, 98
Trd, 258598.017, 100
Trd, 258598.083, 101
Trd, 258598.617, 102
Trd, 258599.383, 104
Trd, 258600.150, 112
Trd, 258600.700, 108
Trd, 258600.933, 105
Trd, 258601.050, 108
Trd, 258601.117, 101
Trd, 258601.550, 98
Trd, 258602.317, 106
Trd, 258602.733, 97
Trd, 258603.833, 98
Trd, 258603.917, 99
Trd, 258604.033, 98
Trd, 258604.267, 98
Trd, 258605.200, 100
Trd, 258605.300, 99
Trd, 258605.383, 101
Trd, 258605.550, 101
Trd, 258606.233, 101
Trd, 258606.583, 104
Trd, 258607.450, 106
Trd, 258609.067, 103
Trd, 258609.433, 105
Trd, 258609.667, 105
Trd, 258609.750, 106
Trd, 258609.850, 104
Trd, 258610.350, 106
Trd, 258610.400, 110
Trd, 258611.433, 112
Trd, 258611.717, 106
Trd, 258611.967, 111
Trd, 258612.650, 109
Trd, 258612.800, 107
Trd, 258613.300, 105
Trd, 258613.667, 106
Trd, 258614.950, 95
Trd, 258615.817, 99
Trd, 258616.117, 99
Trd, 258616.350, 98
Trd, 258616.483, 100
Trd, 258617.533, 100
Trd, 258617.883, 101
Trd, 258618.117, 103
Trd, 258618.150, 101
Trd, 258618.400, 101
Trd, 258618.800, 101
Trd, 258619.117, 101
Trd, 258619.500, 101
Trd, 258620.233, 102
Trd, 258620.867, 102
Trd, 258621.000, 103
Trd, 258621.450, 103
Trd, 258621.933, 102
Trd, 258622.350, 104
Trd, 258622.717, 103
Trd, 258622.917, 102
Trd, 258623.050, 103
Trd, 258623.300, 102
Trd, 258624.433, 98
Trd, 258625.783, 95
Trd, 258626.133, 96
Trd, 258626.150, 94
Trd, 258626.450, 96
Trd, 258626.750, 95
Trd, 258627.200, 95
Trd, 258627.367, 96
Trd, 258627.717, 100
Trd, 258628.433, 96
Trd, 258629.133, 95
Trd, 258629.633, 97
Trd, 258629.983, 97
Trd, 258630.083, 101
Trd, 258630.350, 93
Trd, 258631.533, 102
Trd, 258631.933, 103
Trd, 258632.383, 104
Trd, 258633.150, 107
Trd, 258633.400, 106
Trd, 258633.450, 105
Trd, 258634.150, 105
Trd, 258634.383, 105
Trd, 258634.600, 104
Trd, 258635.317, 102
Trd, 258635.450, 102
Trd, 258636.050, 102
Trd, 258636.117, 101
Trd, 258636.767, 105
Trd, 258637.333, 106
Trd, 258637.500, 104
Trd, 258637.667, 104
Trd, 258637.933, 103
Trd, 258639.400, 109
Trd, 258639.600, 110
Trd, 258640.250, 111
Trd, 258640.267, 108
Trd, 258640.483, 107
Trd, 258641.683, 106
Trd, 258641.767, 105
Trd, 258642.150, 104
Trd, 258642.967, 104
Trd, 258643.217, 109
Trd, 258643.850, 107
Trd, 258643.867, 106
Trd, 258644.033, 108
Trd, 258644.483, 105
Trd, 258644.867, 106
Trd, 258645.367, 105
Trd, 258645.533, 104
Trd, 258646.017, 102
Trd, 258646.133, 101
Trd, 258646.517, 98
Trd, 258647.567, 99
Trd, 258647.733, 102
Trd, 258648.300, 98
Trd, 258648.767, 98
Trd, 258649.083, 98
Trd, 258649.700, 101
Trd, 258650.750, 97
Trd, 258650.833, 100
Trd, 258650.967, 95
Trd, 258651.017, 94
Trd, 258651.083, 90
Trd, 258651.767, 101
Trd, 258652.333, 103
Trd, 258652.750, 102
Trd, 258652.900, 99
Trd, 258653.250, 103
Trd, 258653.317, 99
Trd, 258653.717, 103
Trd, 258654.300, 103
Trd, 258654.483, 104
Trd, 258654.633, 105
Trd, 258654.667, 103
Trd, 258654.917, 104
Trd, 258654.950, 106
Trd, 258655.000, 103
Trd, 258657.400, 99
Trd, 258658.167, 99
Trd, 258658.533, 102
Trd, 258659.383, 99
Trd, 258660.100, 98
Trd, 258660.150, 99
Trd, 258661.883, 96
Trd, 258662.483, 99
Trd, 258662.600, 100
Trd, 258662.783, 101
Trd, 258663.367, 102
Trd, 258663.633, 102
Trd, 258663.783, 104
Trd, 258664.400, 106
Trd, 258665.450, 108
Trd, 258665.667, 107
Trd, 258665.917, 106
Trd, 258665.950, 105
Trd, 258665.983, 101
Trd, 258666.767, 98
Trd, 258667.283, 111
Trd, 258667.767, 105
Trd, 258667.950, 106
Trd, 258667.967, 105
Trd, 258668.350, 106
Trd, 258668.750, 106
Trd, 258669.067, 107
Trd, 258669.150, 100
Trd, 258669.417, 108
Trd, 258670.967, 106
Trd, 258671.167, 105
Trd, 258671.300, 104
Trd, 258671.450, 103
Trd, 258671.933, 104
Trd, 258672.617, 109
Trd, 258672.900, 116
Trd, 258673.867, 107
Trd, 258674.033, 107
Trd, 258674.367, 108
Trd, 258674.567, 108
Trd, 258674.600, 104
Trd, 258675.017, 108
Trd, 258676.433, 106
Trd, 258676.767, 106
Trd, 258676.817, 107
Trd, 258677.400, 100
Trd, 258677.650, 108
Trd, 258677.817, 109
Trd, 258678.283, 100
Trd, 258678.467, 101
Trd, 258679.400, 104
Trd, 258679.867, 109
Trd, 258680.067, 108
Trd, 258680.333, 109
Trd, 258680.617, 109
Trd, 258681.217, 109
Trd, 258681.617, 104
Trd, 258682.550, 99
Trd, 258682.983, 102
Trd, 258683.383, 102
Trd, 258683.983, 102
Trd, 258684.417, 101
Trd, 258684.733, 102
Trd, 258684.967, 97
Trd, 258686.150, 101
Trd, 258686.367, 100
Trd, 258686.650, 102
Trd, 258687.000, 106
Trd, 258687.683, 106
Trd, 258688.150, 102
Trd, 258688.300, 105
Trd, 258688.633, 105
Trd, 258688.900, 105
Trd, 258689.117, 106
Trd, 258689.450, 105
Trd, 258690.583, 108
Trd, 258690.617, 107
Trd, 258691.450, 104
Trd, 258691.717, 102
Trd, 258691.817, 101
Trd, 258692.400, 99
Trd, 258692.583, 98
Trd, 258692.617, 97
Trd, 258692.683, 99
Trd, 258692.867, 101
Trd, 258693.550, 91
Trd, 258693.633, 105
Trd, 258693.667, 106
Trd, 258693.917, 91
Trd, 258695.483, 99
Trd, 258695.567, 100
Trd, 258695.717, 101
Trd, 258696.383, 101
Trd, 258697.117, 101
Trd, 258697.183, 101
Trd, 258698.217, 100
Trd, 258698.300, 102
Trd, 258698.767, 101
Trd, 258699.150, 103
Trd, 258699.267, 101
Trd, 258699.750, 102
Trd, 258700.550, 102
Trd, 258701.050, 104
Trd, 258701.333, 103
Trd, 258702.333, 105
Trd, 258702.467, 105
Trd, 258702.767, 104
Trd, 258703.083, 102
Trd, 258703.117, 101
Trd, 258703.283, 104
Trd, 258703.867, 97
Trd, 258704.433, 104
Trd, 258704.550, 103
Trd, 258705.550, 101
Trd, 258706.050, 102
Trd, 258706.250, 103
Trd, 258706.500, 104
Trd, 258706.550, 104
Trd, 258707.633, 103
Trd, 258708.033, 102
Trd, 258708.317, 103
Trd, 258708.400, 103
Trd, 258708.550, 101
Trd, 258710.100, 102
Trd, 258710.217, 103
Trd, 258711.083, 103
Trd, 258711.200, 102
Trd, 258711.500, 101
Trd, 258711.833, 100
Trd, 258711.983, 100
Trd, 258712.333, 101
Trd, 258712.917, 102
Trd, 258713.300, 102
Trd, 258714.517, 105
Trd, 258715.083, 106
Trd, 258715.333, 106
Trd, 258716.550, 109
Trd, 258716.650, 109
Trd, 258716.683, 109
Trd, 258717.267, 107
Trd, 258717.367, 104
Trd, 258717.500, 109
Trd, 258718.267, 102
Trd, 258718.333, 108
Trd, 258718.567, 102
Trd, 258719.100, 103
Trd, 258719.350, 101
Trd, 258719.683, 99
Trd, 258720.200, 100
Trd, 258720.817, 99
Trd, 258721.217, 100
Trd, 258721.417, 101
Trd, 258721.617, 104
Trd, 258722.267, 101
Trd, 258722.683, 99
Trd, 258722.700, 92
Trd, 258724.000, 92
Trd, 258724.500, 96
Trd, 258724.583, 97
Trd, 258724.767, 98
Trd, 258725.050, 98
Trd, 258725.333, 105
Trd, 258725.983, 101
Trd, 258727.050, 105
Trd, 258727.183, 104
Trd, 258727.400, 105
Trd, 258727.583, 104
Trd, 258728.233, 104
Trd, 258728.583, 103
Trd, 258728.667, 102
Trd, 258729.517, 104
Trd, 258729.683, 104
Trd, 258730.650, 107
Trd, 258730.817, 107
Trd, 258731.133, 106
Trd, 258731.417, 105
Trd, 258731.617, 104
Trd, 258732.017, 102
Trd, 258732.117, 104
Trd, 258733.100, 102
Trd, 258734.033, 98
Trd, 258734.217, 105
Trd, 258734.700, 90
Trd, 258734.800, 100
Trd, 258735.450, 105
Trd, 258736.233, 103
Trd, 258736.900, 100
Trd, 258736.967, 100
Trd, 258737.183, 101
Trd, 258737.750, 104
Trd, 258738.050, 105
Trd, 258738.100, 104
Trd, 258738.800, 105
Trd, 258738.900, 103
Trd, 258739.533, 102
Trd, 258739.700, 101
Trd, 258739.717, 104
Trd, 258739.733, 105
Trd, 258740.533, 103
Trd, 258740.983, 104
Trd, 258741.133, 102
Trd, 258741.933, 102
Trd, 258742.217, 102
Trd, 258742.533, 101
Trd, 258743.283, 103
Trd, 258743.583, 105
Trd, 258743.933, 104
Trd, 258744.667, 101
Trd, 258744.900, 103
Trd, 258745.217, 102
Trd, 258745.317, 101
Trd, 258745.467, 104
Trd, 258745.550, 104
Trd, 258746.283, 105
Trd, 258746.550, 106
Trd, 258746.667, 104
Trd, 258747.333, 103
Trd, 258747.350, 101
Trd, 258749.450, 100
Trd, 258750.167, 100
Trd, 258750.583, 100
Trd, 258751.333, 98
Trd, 258751.600, 101
Trd, 258751.633, 103
Trd, 258751.667, 100
Trd, 258753.100, 102
Trd, 258753.200, 99
Trd, 258753.517, 103
Trd, 258753.583, 100
Trd, 258753.600, 104
Trd, 258753.817, 99
Trd, 258754.283, 90
Trd, 258755.117, 98
Trd, 258756.600, 98
Trd, 258757.217, 98
Trd, 258757.300, 99
Trd, 258757.600, 99
Trd, 258758.417, 101
Trd, 258758.550, 102
Trd, 258758.917, 102
Trd, 258759.083, 102
Trd, 258759.200, 102
Trd, 258759.750, 106
Trd, 258760.233, 109
Trd, 258761.033, 105
Trd, 258761.150, 105
Trd, 258761.567, 104
Trd, 258761.600, 104
Trd, 258762.850, 102
Trd, 258762.933, 103
Trd, 258763.217, 104
Trd, 258764.950, 101
Trd, 258764.967, 103
Trd, 258765.067, 98
Trd, 258765.150, 98
Trd, 258765.750, 93
Trd, 258766.400, 100
Trd, 258766.900, 95
Trd, 258767.183, 102
Trd, 258767.333, 101
Trd, 258767.517, 102
Trd, 258768.067, 91
Trd, 258768.183, 97
Trd, 258769.400, 99
Trd, 258769.817, 100
Trd, 258769.900, 100
Trd, 258770.700, 101
Trd, 258770.950, 104
Trd, 258771.633, 103
Trd, 258771.883, 105
Trd, 258771.900, 104
Trd, 258772.350, 105
Trd, 258772.367, 104
Trd, 258772.400, 106
Trd, 258772.433, 96
Trd, 258774.033, 111
Trd, 258774.267, 111
Trd, 258774.350, 112
Trd, 258774.533, 103
Trd, 258775.900, 108
Trd, 258775.917, 107
Trd, 258776.967, 108
Trd, 258777.417, 106
Trd, 258777.533, 106
Trd, 258777.833, 105
Trd, 258778.167, 106
Trd, 258778.450, 104
Trd, 258778.467, 102
Trd, 258778.633, 107
Trd, 258779.033, 107
Trd, 258779.733, 103
Trd, 258781.117, 102
Trd, 258781.367, 101
Trd, 258781.583, 102
Trd, 258782.050, 101
Trd, 258782.217, 101
Trd, 258782.850, 102
Trd, 258783.250, 101
Trd, 258783.317, 100
Trd, 258783.467, 101
Trd, 258783.650, 96
Trd, 258783.933, 90
Trd, 258784.917, 100
Trd, 258785.000, 93
Trd, 258785.600, 98
Trd, 258785.817, 99
Trd, 258786.183, 99
Trd, 258786.433, 99
Trd, 258786.733, 99
Trd, 258787.400, 100
Trd, 258787.500, 98
Trd, 258788.133, 100
Trd, 258788.300, 101
Trd, 258788.667, 101
Trd, 258788.967, 103
Trd, 258789.400, 102
Trd, 258789.700, 103
Trd, 258790.267, 102
Trd, 258790.550, 101
Trd, 258790.650, 98
Trd, 258791.967, 101
Trd, 258792.050, 102
Trd, 258792.250, 103
Trd, 258792.667, 100
Trd, 258793.467, 102
Trd, 258794.417, 102
Trd, 258795.133, 104
Trd, 258795.483, 104
Trd, 258795.967, 106
Trd, 258795.983, 105
Trd, 258796.333, 102
Trd, 258796.567, 109
Trd, 258797.450, 106
Trd, 258798.133, 106
Trd, 258798.317, 106
Trd, 258798.450, 107
Trd, 258798.767, 107
Trd, 258798.817, 106
Trd, 258799.150, 107
Trd, 258799.283, 105
Trd, 258800.350, 102
Trd, 258800.600, 103
Trd, 258801.033, 105
Trd, 258801.433, 103
Trd, 258803.500, 109
Trd, 258803.567, 110
Trd, 258803.867, 107
Trd, 258804.017, 107
Trd, 258804.383, 108
Trd, 258804.433, 110
Trd, 258804.867, 107
Trd, 258805.050, 107
Trd, 258805.067, 101
Trd, 258805.983, 98
Trd, 258808.067, 105
Trd, 258808.200, 104
Trd, 258808.483, 103
Trd, 258808.517, 102
Trd, 258808.633, 101
Trd, 258809.350, 100
Trd, 258809.650, 101
Trd, 258809.717, 104
Trd, 258810.150, 104
Trd, 258810.633, 113
Trd, 258811.700, 106
Trd, 258811.850, 103
Trd, 258812.917, 104
Trd, 258813.000, 104
Trd, 258813.217, 101
Trd, 258814.300, 103
Trd, 258814.350, 102
Trd, 258814.367, 100
Trd, 258815.117, 101
Trd, 258815.300, 103
Trd, 258815.733, 102
Trd, 258816.017, 102
Trd, 258816.333, 103
Trd, 258816.400, 104
Trd, 258817.500, 111
Trd, 258817.683, 110
Trd, 258817.933, 108
Trd, 258818.567, 108
Trd, 258818.650, 107
Trd, 258818.800, 105
Trd, 258819.450, 105
Trd, 258819.900, 104
Trd, 258820.733, 104
Trd, 258820.800, 104
Trd, 258820.983, 96
Trd, 258821.650, 101
Trd, 258821.933, 101
Trd, 258822.017, 100
Trd, 258822.517, 100
Trd, 258822.850, 99
Trd, 258822.917, 100
Trd, 258823.150, 109
Trd, 258824.283, 109
Trd, 258824.950, 111
Trd, 258825.333, 111
Trd, 258826.117, 111
Trd, 258826.500, 110
Trd, 258826.700, 108
Trd, 258826.917, 104
Trd, 258827.383, 107
Trd, 258827.400, 108
Trd, 258827.417, 106
Trd, 258827.600, 108
Trd, 258827.967, 107
Trd, 258828.483, 102
Trd, 258829.800, 99
Trd, 258830.000, 101
Trd, 258830.183, 100
Trd, 258830.383, 100
Trd, 258830.950, 103
Trd, 258831.350, 100
Trd, 258831.517, 104
Trd, 258832.050, 99
Trd, 258832.550, 99
Trd, 258832.817, 98
Trd, 258833.050, 98
Trd, 258834.433, 94
Trd, 258834.833, 95
Trd, 258835.067, 95
Trd, 258835.433, 96
Trd, 258836.000, 97
Trd, 258836.283, 98
Trd, 258836.833, 97
Trd, 258836.883, 96
Trd, 258837.333, 97
Trd, 258838.783, 99
Trd, 258839.900, 97
Trd, 258840.417, 98
Trd, 258840.817, 99
Trd, 258841.250, 105
Trd, 258841.467, 100
Trd, 258842.367, 98
Trd, 258842.533, 95
Trd, 258843.083, 100
Trd, 258843.533, 101
Trd, 258843.767, 103
Trd, 258843.883, 101
Trd, 258844.083, 103
Trd, 258845.233, 105
Trd, 258845.600, 101
Trd, 258846.067, 103
Trd, 258846.083, 102
Trd, 258846.383, 102
Trd, 258846.817, 103
Trd, 258846.967, 101
Trd, 258847.300, 102
Trd, 258848.250, 100
Trd, 258848.467, 101
Trd, 258848.533, 100
Trd, 258849.250, 103
Trd, 258849.633, 103
Trd, 258850.300, 104
Trd, 258850.933, 104
Trd, 258851.217, 103
Trd, 258851.533, 104
Trd, 258852.083, 102
Trd, 258852.700, 102
Trd, 258852.883, 101
Trd, 258853.033, 100
Trd, 258853.367, 102
Trd, 258853.400, 103
Trd, 258853.600, 104
Trd, 258853.967, 103
Trd, 258854.500, 110
Trd, 258855.033, 105
Trd, 258855.783, 106
Trd, 258855.983, 106
Trd, 258856.033, 107
Trd, 258856.400, 106
Trd, 258856.567, 98
Trd, 258856.650, 91
Trd, 258858.117, 100
Trd, 258858.317, 98
Trd, 258859.083, 99
Trd, 258859.250, 100
Trd, 258859.517, 99
Trd, 258859.567, 100
Trd, 258860.250, 100
Trd, 258860.517, 99
Trd, 258861.450, 100
Trd, 258861.600, 101
Trd, 258861.783, 101
Trd, 258861.917, 104
Trd, 258862.867, 104
Trd, 258863.017, 104
Trd, 258863.183, 103
Trd, 258863.850, 101
Trd, 258864.717, 101
Trd, 258865.233, 100
Trd, 258865.450, 106
Trd, 258865.683, 99
Trd, 258865.733, 112
Trd, 258866.383, 100
Trd, 258867.317, 100
Trd, 258867.550, 101
Trd, 258867.683, 102
Trd, 258868.583, 104
Trd, 258868.750, 104
Trd, 258869.083, 104
Trd, 258869.567, 104
Trd, 258870.317, 105
Trd, 258870.533, 104
Trd, 258870.550, 101
Trd, 258870.700, 97
Trd, 258871.283, 106
Trd, 258872.700, 106
Trd, 258872.717, 107
Trd, 258873.250, 108
Trd, 258873.583, 107
Trd, 258874.017, 106
Trd, 258874.317, 105
Trd, 258874.350, 106
Trd, 258874.400, 104
Trd, 258874.783, 98
Trd, 258875.400, 99
Trd, 258875.483, 98
Trd, 258875.533, 101
Trd, 258875.733, 97
Trd, 258876.583, 99
Trd, 258878.117, 101
Trd, 258878.433, 101
Trd, 258878.600, 101
Trd, 258878.700, 101
Trd, 258878.767, 102
Trd, 258879.417, 103
Trd, 258879.983, 104
Trd, 258880.867, 104
Trd, 258881.100, 106
Trd, 258881.867, 104
Trd, 258882.583, 103
Trd, 258882.600, 102
Trd, 258882.933, 105
Trd, 258883.167, 105
Trd, 258884.083, 103
Trd, 258884.317, 103
Trd, 258884.650, 103
Trd, 258885.183, 103
Trd, 258885.200, 102
Trd, 258885.667, 103
Trd, 258885.700, 102
Trd, 258885.917, 104
Trd, 258885.933, 99
Trd, 258886.283, 99
Trd, 258887.033, 103
Trd, 258887.933, 103
Trd, 258888.117, 102
Trd, 258888.183, 103
Trd, 258889.117, 101
Trd, 258889.300, 100
Trd, 258889.817, 90
Trd, 258890.100, 98
Trd, 258891.350, 97
Trd, 258891.533, 96
Trd, 258891.683, 97
Trd, 258892.233, 98
Trd, 258892.617, 100
Trd, 258892.933, 99
Trd, 258893.150, 99
Trd, 258893.683, 101
Trd, 258893.867, 99
Trd, 258894.083, 104
Trd, 258895.800, 104
Trd, 258895.883, 104
Trd, 258896.083, 103
Trd, 258896.200, 103
Trd, 258896.267, 102
Trd, 258896.683, 99
Trd, 258897.267, 90
Trd, 258897.467, 101
Trd, 258897.700, 102
Trd, 258898.217, 102
Trd, 258898.300, 98
Trd, 258898.550, 104
Trd, 258899.217, 101
Trd, 258899.500, 106
Trd, 258899.700, 104
Trd, 258900.167, 108
Trd, 258900.450, 108
Trd, 258900.583, 107
Trd, 258900.933, 109
Trd, 258901.333, 109
Trd, 258901.383, 107
Trd, 258902.633, 112
Trd, 258903.667, 107
Trd, 258904.267, 109
Trd, 258904.583, 108
Trd, 258904.817, 107
Trd, 258905.217, 109
Trd, 258905.933, 107
Trd, 258906.300, 108
Trd, 258906.650, 108
Trd, 258907.483, 107
Trd, 258907.583, 108
Trd, 258908.433, 104
Trd, 258908.833, 103
Trd, 258908.883, 101
Trd, 258908.900, 90
Trd, 258909.833, 102
Trd, 258909.983, 100
Trd, 258910.583, 103
Trd, 258911.083, 104
Trd, 258911.467, 103
Trd, 258911.850, 102
Trd, 258912.067, 99
Trd, 258912.517, 101
Trd, 258913.067, 90
Trd, 258913.467, 98
Trd, 258913.800, 101
Trd, 258913.817, 83
Trd, 258913.933, 86
Trd, 258915.033, 102
Trd, 258915.150, 102
Trd, 258915.983, 103
Trd, 258916.017, 104
Trd, 258916.050, 101
Trd, 258916.133, 106
Trd, 258917.383, 105
Trd, 258917.417, 105
Trd, 258917.650, 105
Trd, 258918.067, 104
Trd, 258918.350, 101
Trd, 258918.600, 98
Trd, 258919.333, 99
Trd, 258919.517, 98
Trd, 258920.850, 101
Trd, 258921.450, 102
Trd, 258921.533, 104
Trd, 258922.733, 104
Trd, 258923.783, 107
Trd, 258924.283, 106
Trd, 258924.633, 107
Trd, 258924.783, 106
Trd, 258925.217, 105
Trd, 258925.333, 105
Trd, 258925.450, 104
Trd, 258926.000, 102
Trd, 258926.267, 101
Trd, 258926.333, 90
Trd, 258927.467, 100
Trd, 258927.967, 99
Trd, 258928.100, 99
Trd, 258928.617, 98
Trd, 258928.700, 98
Trd, 258929.717, 93
Trd, 258930.267, 96
Trd, 258930.567, 95
Trd, 258930.800, 94
Trd, 258931.200, 96
Trd, 258931.567, 99
Trd, 258931.700, 101
Trd, 258931.717, 98
Trd, 258932.017, 103
Trd, 258932.867, 101
Trd, 258932.967, 100
Trd, 258933.150, 101
Trd, 258933.417, 101
Trd, 258934.167, 103
Trd, 258934.867, 104
Trd, 258935.083, 104
Trd, 258935.500, 104
Trd, 258935.600, 106
Trd, 258936.167, 103
Trd, 258936.250, 100
Trd, 258937.867, 104
Trd, 258937.983, 99
Trd, 258938.533, 103
Trd, 258939.050, 102
Trd, 258939.333, 102
Trd, 258939.583, 101
Trd, 258940.150, 102
Trd, 258940.200, 103
Trd, 258940.283, 102
Trd, 258940.517, 102
Trd, 258940.683, 104
Trd, 258941.300, 103
Trd, 258941.600, 104
Trd, 258942.333, 103
Trd, 258943.333, 105
Trd, 258943.783, 105
Trd, 258944.067, 106
Trd, 258944.083, 108
Trd, 258944.967, 107
Trd, 258945.233, 107
Trd, 258945.817, 107
Trd, 258946.150, 107
Trd, 258946.517, 109
Trd, 258947.017, 102
Trd, 258948.083, 103
Trd, 258948.750, 104
Trd, 258949.167, 104
Trd, 258949.350, 101
Trd, 258949.700, 105
Trd, 258949.817, 96
Trd, 258950.800, 98
Trd, 258951.450, 97
Trd, 258951.633, 97
Trd, 258952.483, 96
Trd, 258952.833, 96
Trd, 258952.933, 100
Trd, 258953.300, 95
Trd, 258953.967, 93
Trd, 258954.333, 101
Trd, 258954.717, 103
Trd, 258955.050, 103
Trd, 258955.400, 103
Trd, 258955.983, 103
Trd, 258956.033, 104
Trd, 258956.567, 105
Trd, 258956.867, 104
Trd, 258957.617, 105
Trd, 258958.033, 106
Trd, 258958.100, 105
Trd, 258958.150, 101
Trd, 258959.650, 105
Trd, 258959.850, 104
Trd, 258960.200, 104
Trd, 258960.433, 105
Trd, 258961.517, 105
Trd, 258961.900, 102
Trd, 258962.883, 103
Trd, 258963.100, 103
Trd, 258963.417, 104
Trd, 258963.433, 104
Trd, 258963.733, 106
Trd, 258964.167, 101
Trd, 258964.417, 101
Trd, 258965.483, 100
Trd, 258965.550, 99
Trd, 258965.933, 98
Trd, 258966.433, 98
Trd, 258966.800, 99
Trd, 258966.867, 102
Trd, 258967.100, 91
Trd, 258967.583, 104
Trd, 258967.650, 106
Trd, 258967.783, 98
Trd, 258968.950, 103
Trd, 258969.217, 110
Trd, 258969.717, 107
Trd, 258969.967, 105
Trd, 258970.400, 104
Trd, 258970.533, 105
Trd, 258970.633, 105
Trd, 258971.017, 105
Trd, 258971.100, 106
Trd, 258971.283, 114
Trd, 258971.950, 115
Trd, 258972.667, 106
Trd, 258973.483, 109
Trd, 258973.867, 109
Trd, 258973.983, 106
Trd, 258974.267, 104
Trd, 258974.750, 103
Trd, 258975.217, 102
Trd, 258975.467, 101
Trd, 258975.950, 98
Trd, 258976.600, 101
Trd, 258977.400, 107
Trd, 258977.467, 104
Trd, 258977.933, 107
Trd, 258978.300, 108
Trd, 258978.567, 108
Trd, 258978.633, 105
Trd, 258979.750, 104
Trd, 258980.017, 101
Trd, 258980.183, 106
Trd, 258980.317, 109
Trd, 258980.683, 99
Trd, 258980.817, 115
Trd, 258982.217, 99
Trd, 258982.733, 102
Trd, 258982.933, 98
Trd, 258983.350, 100
Trd, 258983.417, 97
Trd, 258983.900, 100
Trd, 258984.450, 97
Trd, 258984.767, 99
Trd, 258984.883, 99
Trd, 258985.183, 99
Trd, 258985.900, 103
Trd, 258985.950, 100
Trd, 258986.950, 104
Trd, 258987.383, 104
Trd, 258988.117, 102
Trd, 258988.150, 103
Trd, 258988.500, 102
Trd, 258988.800, 102
Trd, 258989.033, 102
Trd, 258989.250, 102
Trd, 258989.983, 101
Trd, 258990.417, 103
Trd, 258990.517, 106
Trd, 258991.233, 104
Trd, 258991.300, 103
Trd, 258991.867, 98
Trd, 258992.350, 102
Trd, 258993.000, 102
Trd, 258993.600, 101
Trd, 258994.133, 103
Trd, 258994.150, 104
Trd, 258994.283, 106
Trd, 258994.617, 104
Trd, 258994.717, 102
Trd, 258994.933, 108
Trd, 258994.950, 104
Trd, 258995.683, 102
Trd, 258996.367, 107
Trd, 258996.383, 101
Trd, 258997.333, 101
Trd, 258998.167, 99
Trd, 258998.333, 98
Trd, 258998.467, 97
Trd, 258998.800, 98
Trd, 258999.033, 101
Trd, 258999.700, 97
Trd, 258999.900, 94
Trd, 259001.033, 97
Trd, 259001.567, 98
Trd, 259001.750, 98
Trd, 259002.650, 101
Trd, 259002.817, 100
Trd, 259003.000, 97
Trd, 259003.167, 98
Trd, 259003.900, 98
Trd, 259004.117, 98
Trd, 259004.417, 99
Trd, 259004.633, 99
Trd, 259005.767, 100
Trd, 259005.783, 101
Trd, 259005.950, 103
Trd, 259006.417, 103
Trd, 259006.933, 103
Trd, 259006.950, 101
Trd, 259007.650, 101
Trd, 259008.733, 98
Trd, 259008.767, 96
Trd, 259008.900, 101
Trd, 259010.017, 102
Trd, 259010.050, 101
Trd, 259010.083, 99
Trd, 259010.267, 104
Trd, 259011.050, 106
Trd, 259011.233, 101
Trd, 259011.383, 109
Trd, 259012.333, 100
Trd, 259012.600, 100
Trd, 259013.350, 102
Trd, 259013.683, 102
Trd, 259013.900, 102
Trd, 259014.383, 104
Trd, 259014.933, 103
Trd, 259015.367, 102
Trd, 259015.633, 103
Trd, 259015.650, 101
Trd, 259015.917, 101
Trd, 259016.133, 106
Trd, 259016.300, 111
Trd, 259018.233, 90
Trd, 259018.400, 98
Trd, 259019.200, 92
Trd, 259019.517, 91
Trd, 259019.733, 91
Trd, 259020.167, 91
Trd, 259020.383, 93
Trd, 259020.717, 96
Trd, 259021.467, 97
Trd, 259022.083, 97
Trd, 259022.367, 96
Trd, 259022.450, 97
Trd, 259022.667, 96
Trd, 259022.867, 96
Trd, 259023.033, 98
Trd, 259023.650, 101
Trd, 259024.417, 99
Trd, 259024.600, 103
Trd, 259024.683, 104
Trd, 259025.367, 109
Trd, 259026.417, 109
Trd, 259026.517, 110
Trd, 259026.950, 109
Trd, 259027.383, 111
Trd, 259027.933, 112
Trd, 259028.733, 112
Trd, 259029.250, 107
Trd, 259029.567, 105
Trd, 259030.017, 105
Trd, 259030.167, 105
Trd, 259030.217, 104
Trd, 259030.800, 102
Trd, 259031.033, 101
Trd, 259032.117, 99
Trd, 259032.367, 101
Trd, 259032.617, 100
Trd, 259032.717, 99
Trd, 259032.817, 98
Trd, 259033.667, 99
Trd, 259033.733, 97
Trd, 259034.900, 99
Trd, 259035.233, 101
Trd, 259035.300, 95
Trd, 259036.133, 100
Trd, 259036.150, 96
Trd, 259036.433, 101
Trd, 259036.683, 99
Trd, 259036.917, 98
Trd, 259037.800, 100
Trd, 259038.283, 101
Trd, 259038.750, 101
Trd, 259039.117, 103
Trd, 259039.317, 103
Trd, 259039.367, 103
Trd, 259039.667, 103
Trd, 259040.317, 102
Trd, 259041.150, 101
Trd, 259041.483, 101
Trd, 259043.067, 91
Trd, 259043.150, 97
Trd, 259043.833, 98
Trd, 259043.850, 99
Trd, 259044.400, 103
Trd, 259044.817, 102
Trd, 259045.100, 102
Trd, 259045.250, 103
Trd, 259045.317, 101
Trd, 259046.367, 103
Trd, 259046.583, 103
Trd, 259046.867, 102
Trd, 259047.500, 104
Trd, 259047.667, 106
Trd, 259048.050, 107
Trd, 259048.117, 106
Trd, 259048.167, 106
Trd, 259049.117, 102
Trd, 259049.150, 105
Trd, 259050.133, 104
Trd, 259050.867, 103
Trd, 259051.217, 105
Trd, 259051.883, 106
Trd, 259052.083, 107
Trd, 259052.250, 107
Trd, 259052.350, 107
Trd, 259052.383, 106
Trd, 259053.483, 101
Trd, 259054.767, 101
Trd, 259055.183, 102
Trd, 259055.500, 102
Trd, 259055.617, 103
Trd, 259056.383, 102
Trd, 259056.667, 101
Trd, 259057.117, 102
Trd, 259057.167, 99
Trd, 259058.617, 102
Trd, 259058.950, 100
Trd, 259059.350, 99
Trd, 259059.517, 92
Trd, 259059.650, 100
Trd, 259059.917, 93
Trd, 259061.583, 96
Trd, 259062.000, 97
Trd, 259062.500, 96
Trd, 259063.017, 100
Trd, 259063.567, 100
Trd, 259063.633, 100
Trd, 259063.717, 100
Trd, 259064.433, 101
Trd, 259064.717, 103
Trd, 259064.767, 104
Trd, 259064.850, 101
Trd, 259065.250, 90
Trd, 259065.317, 105
Trd, 259065.467, 86
Trd, 259065.733, 98
Trd, 259066.167, 94
Trd, 259067.150, 103
Trd, 259067.533, 104
Trd, 259067.850, 104
Trd, 259067.933, 105
Trd, 259068.050, 105
Trd, 259068.183, 106
Trd, 259068.467, 104
Trd, 259069.367, 107
Trd, 259069.467, 108
Trd, 259069.600, 106
Trd, 259070.400, 107
Trd, 259070.867, 105
Trd, 259071.483, 103
Trd, 259071.767, 101
Trd, 259072.083, 98
Trd, 259072.517, 99
Trd, 259072.833, 98
Trd, 259073.033, 99
Trd, 259073.167, 97
Trd, 259074.767, 99
Trd, 259075.050, 99
Trd, 259075.117, 98
Trd, 259075.333, 94
Trd, 259075.700, 100
Trd, 259076.817, 101
Trd, 259076.867, 100
Trd, 259077.333, 100
Trd, 259078.450, 104
Trd, 259078.733, 104
Trd, 259078.950, 105
Trd, 259079.333, 106
Trd, 259079.817, 105
Trd, 259080.267, 101
Trd, 259080.967, 98
Trd, 259081.883, 101
Trd, 259082.083, 101
Trd, 259082.433, 101
Trd, 259082.500, 99
Trd, 259083.317, 101
Trd, 259083.350, 102
Trd, 259083.533, 103
Trd, 259084.067, 103
Trd, 259084.300, 103
Trd, 259084.483, 101
Trd, 259085.300, 101
Trd, 259085.350, 104
Trd, 259086.350, 104
Trd, 259087.200, 102
Trd, 259087.450, 102
Trd, 259087.617, 102
Trd, 259089.267, 100
Trd, 259089.517, 99
Trd, 259089.683, 100
Trd, 259089.867, 101
Trd, 259090.933, 93
Trd, 259091.033, 94
Trd, 259091.067, 92
Trd, 259091.350, 95
Trd, 259091.533, 96
Trd, 259092.517, 98
Trd, 259093.000, 101
Trd, 259093.617, 104
Trd, 259093.817, 104
Trd, 259094.083, 104
Trd, 259094.350, 105
Trd, 259094.850, 105
Trd, 259095.000, 106
Trd, 259095.100, 103
Trd, 259095.550, 102
Trd, 259096.333, 102
Trd, 259097.017, 102
Trd, 259097.033, 103
Trd, 259097.217, 114
Trd, 259098.100, 114
Trd, 259098.900, 114
Trd, 259098.967, 114
Trd, 259099.900, 112
Trd, 259100.400, 106
Trd, 259101.017, 106
Trd, 259101.117, 105
Trd, 259101.183, 104
Trd, 259101.917, 103
Trd, 259102.650, 102
Trd, 259102.667, 102
Trd, 259102.733, 102
Trd, 259103.433, 101
Trd, 259103.750, 101
Trd, 259104.383, 100
Trd, 259104.433, 98
Trd, 259104.500, 101
Trd, 259105.483, 101
Trd, 259105.500, 97
Trd, 259105.800, 107
Trd, 259106.267, 107
Trd, 259106.900, 107
Trd, 259107.100, 107
Trd, 259107.367, 108
Trd, 259107.633, 108
Trd, 259107.717, 108
Trd, 259107.883, 108
Trd, 259108.300, 107
Trd, 259108.633, 104
Trd, 259109.367, 102
Trd, 259109.783, 107
Trd, 259110.067, 108
Trd, 259111.850, 103
Trd, 259112.583, 106
Trd, 259112.700, 106
Trd, 259113.250, 106
Trd, 259113.433, 107
Trd, 259114.300, 105
Trd, 259114.483, 104
Trd, 259114.817, 104
Trd, 259114.967, 101
Trd, 259115.800, 101
Trd, 259115.983, 101
Trd, 259116.167, 104
Trd, 259116.883, 103
Trd, 259117.133, 105
Trd, 259117.550, 108
Trd, 259118.133, 104
Trd, 259118.550, 102
Trd, 259118.783, 102
Trd, 259118.950, 102
Trd, 259119.233, 101
Trd, 259120.050, 100
Trd, 259120.150, 106
Trd, 259121.567, 114
Trd, 259121.600, 109
Trd, 259121.683, 108
Trd, 259121.717, 117
Trd, 259122.483, 116
Trd, 259122.667, 115
Trd, 259123.583, 109
Trd, 259123.700, 108
Trd, 259123.933, 104
Trd, 259124.050, 105
Trd, 259125.000, 106
Trd, 259125.167, 104
Trd, 259125.400, 106
Trd, 259126.200, 101
Trd, 259127.100, 101
Trd, 259127.300, 102
Trd, 259127.350, 100
Trd, 259127.817, 104
Trd, 259127.900, 105
Trd, 259128.717, 98
Trd, 259129.867, 97
Trd, 259130.117, 98
Trd, 259130.700, 96
Trd, 259130.783, 95
Trd, 259131.767, 97
Trd, 259131.900, 95
Trd, 259132.217, 97
Trd, 259132.617, 99
Trd, 259132.650, 98
Trd, 259132.917, 101
Trd, 259133.500, 96
Trd, 259133.600, 103
Trd, 259134.267, 101
Trd, 259134.633, 101
Trd, 259134.800, 100
Trd, 259134.883, 99
Trd, 259135.200, 99
Trd, 259135.250, 102
Trd, 259136.067, 101
Trd, 259136.533, 98
Trd, 259136.867, 102
Trd, 259137.200, 98
Trd, 259138.600, 98
Trd, 259138.750, 96
Trd, 259138.800, 91
Trd, 259138.900, 100
Trd, 259139.300, 100
Trd, 259140.050, 100
Trd, 259140.217, 101
Trd, 259140.400, 104
Trd, 259140.917, 105
Trd, 259141.150, 105
Trd, 259141.217, 105
Trd, 259141.717, 104
Trd, 259142.633, 103
Trd, 259143.050, 101
Trd, 259143.067, 104
Trd, 259143.733, 100
Trd, 259144.350, 101
Trd, 259144.417, 100
Trd, 259144.717, 101
Trd, 259144.850, 101
Trd, 259145.067, 99
Trd, 259145.117, 106
Trd, 259145.267, 109
Trd, 259146.917, 107
Trd, 259147.167, 108
Trd, 259147.267, 109
Trd, 259147.617, 112
Trd, 259147.783, 113
Trd, 259147.967, 112
Trd, 259148.317, 111
Trd, 259148.917, 111
Trd, 259149.750, 108
Trd, 259149.950, 106
Trd, 259150.383, 104
Trd, 259150.983, 107
Trd, 259151.067, 101
Trd, 259152.050, 100
Trd, 259152.317, 108
Trd, 259153.417, 100
Trd, 259153.817, 100
Trd, 259154.450, 103
Trd, 259154.567, 102
Trd, 259154.917, 103
Trd, 259155.083, 102
Trd, 259155.250, 102
Trd, 259155.300, 104
Trd, 259156.533, 102
Trd, 259156.717, 101
Trd, 259157.200, 101
Trd, 259158.083, 100
Trd, 259158.250, 102
Trd, 259158.700, 102
Trd, 259159.500, 102
Trd, 259159.667, 102
Trd, 259159.800, 102
Trd, 259160.167, 102
Trd, 259160.333, 101
Trd, 259160.700, 101
Trd, 259160.750, 101
Trd, 259161.267, 101
Trd, 259161.900, 103
Trd, 259163.033, 100
Trd, 259163.317, 100
Trd, 259164.017, 101
Trd, 259164.033, 100
Trd, 259164.167, 99
Trd, 259164.400, 106
Trd, 259164.533, 109
Trd, 259166.667, 108
Trd, 259166.750, 105
Trd, 259166.867, 102
Trd, 259166.933, 107
Trd, 259168.050, 104
Trd, 259168.133, 102
Trd, 259168.683, 104
Trd, 259168.800, 103
Trd, 259169.100, 103
Trd, 259169.500, 102
Trd, 259169.783, 104
Trd, 259170.067, 113
Trd, 259171.367, 109
Trd, 259171.650, 110
Trd, 259171.850, 110
Trd, 259171.900, 107
Trd, 259172.033, 104
Trd, 259172.933, 101
Trd, 259173.700, 98
Trd, 259173.800, 102
Trd, 259174.650, 102
Trd, 259174.733, 103
Trd, 259175.150, 102
Trd, 259175.317, 102
Trd, 259175.750, 103
Trd, 259175.900, 104
Trd, 259176.950, 105
Trd, 259177.150, 108
Trd, 259178.483, 105
Trd, 259178.700, 108
Trd, 259179.200, 106
Trd, 259179.333, 109
Trd, 259179.667, 104
Trd, 259179.817, 101
Trd, 259179.850, 98
Trd, 259181.000, 97
Trd, 259181.200, 97
Trd, 259181.383, 96
Trd, 259181.733, 97
Trd, 259181.850, 99
Trd, 259183.133, 99
Trd, 259183.250, 99
Trd, 259183.400, 99
Trd, 259183.417, 98
Trd, 259183.500, 100
Trd, 259184.300, 100
Trd, 259184.500, 101
Trd, 259185.017, 102
Trd, 259185.250, 99
Trd, 259185.567, 103
Trd, 259185.967, 102
Trd, 259186.350, 103
Trd, 259186.550, 102
Trd, 259187.467, 102
Trd, 259188.333, 103
Trd, 259188.800, 102
Trd, 259189.100, 101
Trd, 259189.700, 102
Trd, 259190.183, 103
Trd, 259190.450, 105
Trd, 259191.383, 101
Trd, 259192.050, 101
Trd, 259192.317, 98
Trd, 259192.600, 99
Trd, 259192.767, 99
Trd, 259192.967, 98
Trd, 259193.700, 99
Trd, 259193.733, 99
Trd, 259194.433, 93
Trd, 259194.633, 98
Trd, 259194.800, 91
Trd, 259195.600, 94
Trd, 259195.617, 95
Trd, 259196.300, 95
Trd, 259196.567, 96
Trd, 259197.050, 99
Trd, 259197.450, 101
Trd, 259198.067, 99
Trd, 259199.200, 104
Trd, 259199.483, 103
Trd, 259199.583, 104
Trd, 259199.817, 101
