Trd, 258493.433, 87
Trd, 258493.617, 94
Trd, 258494.383, 91
Trd, 258494.533, 100
Trd, 258495.250, 98
Trd, 258495.317, 89
Trd, 258495.483, 89
Trd, 258495.633, 95
Trd, 258496.333, 97
Trd, 258496.500, 110
Trd, 258496.767, 94
Trd, 258496.933, 106
Trd, 258497.817, 95
Trd, 258497.850, 113
Trd, 258498.050, 94
Trd, 258498.300, 93
Trd, 258498.833, 94
Trd, 258499.050, 103
Trd, 258499.950, 104
Trd, 258500.267, 106
Trd, 258500.833, 108
Trd, 258501.033, 99
Trd, 258502.117, 103
Trd, 258502.233, 103
Trd, 258502.283, 104
Trd, 258502.333, 105
Trd, 258502.400, 97
Trd, 258502.600, 93
Trd, 258502.850, 86
Trd, 258503.583, 84
Trd, 258503.767, 108
Trd, 258503.783, 90
Trd, 258505.650, 112
Trd, 258505.767, 107
Trd, 258506.067, 107
Trd, 258506.783, 97
Trd, 258507.633, 105
Trd, 258508.100, 109
Trd, 258508.683, 106
Trd, 258508.900, 105
Trd, 258509.450, 102
Trd, 258509.883, 99
Trd, 258510.117, 101
Trd, 258511.383, 103
Trd, 258511.617, 102
Trd, 258511.950, 108
Trd, 258512.883, 108
Trd, 258513.617, 100
Trd, 258514.167, 98
Trd, 258514.350, 95
Trd, 258514.883, 107
Trd, 258515.867, 108
Trd, 258516.150, 110
Trd, 258516.250, 107
Trd, 258516.317, 117
Trd, 258516.333, 100
Trd, 258517.150, 100
Trd, 258517.200, 98
Trd, 258517.817, 92
Trd, 258517.983, 107
Trd, 258518.483, 104
Trd, 258518.917, 96
Trd, 258519.733, 99
Trd, 258519.967, 98
Trd, 258520.000, 103
Trd, 258520.267, 83
Trd, 258520.650, 104
Trd, 258520.783, 84
Trd, 258521.233, 109
Trd, 258522.450, 92
Trd, 258523.633, 92
Trd, 258523.967, 103
Trd, 258524.117, 91
Trd, 258524.467, 84
Trd, 258524.850, 80
Trd, 258524.950, 104
Trd, 258525.250, 94
Trd, 258525.833, 102
Trd, 258526.583, 106
Trd, 258527.317, 106
Trd, 258527.750, 95
Trd, 258528.167, 101
Trd, 258528.583, 102
Trd, 258528.600, 104
Trd, 258528.617, 89
Trd, 258529.233, 93
Trd, 258529.733, 109
Trd, 258529.900, 110
Trd, 258530.450, 97
Trd, 258530.667, 106
Trd, 258532.067, 101
Trd, 258532.167, 100
Trd, 258532.300, 100
Trd, 258532.900, 88
Trd, 258532.967, 106
Trd, 258533.767, 85
Trd, 258534.017, 92
Trd, 258534.917, 104
Trd, 258536.200, 93
Trd, 258536.267, 93
Trd, 258537.033, 107
Trd, 258537.750, 103
Trd, 258538.817, 107
Trd, 258539.233, 105
Trd, 258539.400, 104
Trd, 258539.983, 100
Trd, 258540.117, 112
Trd, 258540.733, 100
Trd, 258541.650, 100
Trd, 258542.067, 107
Trd, 258542.433, 107
Trd, 258543.333, 100
Trd, 258543.633, 109
Trd, 258545.017, 105
Trd, 258545.300, 105
Trd, 258546.083, 105
Trd, 258546.267, 98
Trd, 258546.333, 109
Trd, 258546.983, 94
Trd, 258547.050, 108
Trd, 258547.117, 91
Trd, 258548.100, 100
Trd, 258548.433, 99
Trd, 258548.600, 98
Trd, 258549.300, 99
Trd, 258549.783, 98
Trd, 258550.267, 97
Trd, 258550.933, 111
Trd, 258551.083, 110
Trd, 258551.383, 109
Trd, 258551.617, 103
Trd, 258552.283, 96
Trd, 258552.850, 106
Trd, 258552.933, 110
Trd, 258553.900, 114
Trd, 258554.050, 99
Trd, 258554.217, 97
Trd, 258554.950, 100
Trd, 258556.517, 103
Trd, 258556.600, 98
Trd, 258556.933, 95
Trd, 258557.233, 103
Trd, 258557.433, 104
Trd, 258557.467, 108
Trd, 258558.200, 86
Trd, 258558.833, 105
Trd, 258558.900, 111
Trd, 258559.350, 114
Trd, 258560.750, 92
Trd, 258561.067, 99
Trd, 258561.383, 91
Trd, 258562.083, 97
Trd, 258562.367, 98
Trd, 258563.367, 107
Trd, 258563.717, 107
Trd, 258563.983, 106
Trd, 258564.300, 111
Trd, 258564.717, 99
Trd, 258564.833, 98
Trd, 258564.850, 97
Trd, 258565.167, 115
Trd, 258566.283, 100
Trd, 258566.417, 98
Trd, 258566.550, 94
Trd, 258567.550, 107
Trd, 258568.117, 105
Trd, 258568.500, 105
Trd, 258568.900, 91
Trd, 258569.000, 105
Trd, 258569.133, 82
Trd, 258569.467, 79
Trd, 258569.533, 113
Trd, 258569.567, 115
Trd, 258569.750, 78
Trd, 258570.800, 89
Trd, 258571.350, 109
Trd, 258571.600, 86
Trd, 258572.300, 95
Trd, 258572.683, 96
Trd, 258572.900, 105
Trd, 258573.017, 99
Trd, 258573.067, 107
Trd, 258574.467, 92
Trd, 258574.650, 88
Trd, 258576.450, 109
Trd, 258577.083, 108
Trd, 258577.100, 110
Trd, 258577.367, 101
Trd, 258577.917, 100
Trd, 258578.000, 98
Trd, 258578.633, 105
Trd, 258578.883, 106
Trd, 258580.133, 96
Trd, 258580.533, 102
Trd, 258580.617, 103
Trd, 258580.900, 84
Trd, 258581.200, 83
Trd, 258581.467, 102
Trd, 258581.850, 80
Trd, 258581.983, 101
Trd, 258582.833, 94
Trd, 258583.000, 97
Trd, 258583.300, 94
Trd, 258583.833, 101
Trd, 258584.350, 95
Trd, 258585.100, 102
Trd, 258585.117, 93
Trd, 258585.800, 83
Trd, 258585.900, 81
Trd, 258586.683, 102
Trd, 258586.700, 101
Trd, 258587.033, 100
Trd, 258588.117, 101
Trd, 258588.133, 94
Trd, 258588.317, 93
Trd, 258589.583, 105
Trd, 258589.650, 100
Trd, 258589.750, 97
Trd, 258590.767, 88
Trd, 258591.450, 97
Trd, 258591.817, 89
Trd, 258592.233, 101
Trd, 258592.350, 106
Trd, 258592.467, 109
Trd, 258593.383, 96
Trd, 258593.967, 103
Trd, 258594.400, 101
Trd, 258594.467, 97
Trd, 258594.617, 111
Trd, 258594.717, 108
Trd, 258596.000, 105
Trd, 258596.633, 107
Trd, 258596.800, 108
Trd, 258597.450, 107
Trd, 258597.700, 106
Trd, 258598.033, 108
Trd, 258598.900, 98
Trd, 258599.067, 98
Trd, 258600.483, 111
Trd, 258600.833, 112
Trd, 258600.883, 111
Trd, 258601.383, 110
Trd, 258602.033, 114
Trd, 258602.200, 113
Trd, 258602.350, 105
Trd, 258603.983, 96
Trd, 258604.067, 99
Trd, 258604.500, 94
Trd, 258604.900, 105
Trd, 258605.383, 92
Trd, 258606.300, 108
Trd, 258606.383, 99
Trd, 258606.550, 98
Trd, 258606.867, 106
Trd, 258607.300, 108
Trd, 258607.617, 93
Trd, 258607.800, 93
Trd, 258607.950, 93
Trd, 258608.650, 92
Trd, 258608.800, 95
Trd, 258609.033, 104
Trd, 258610.867, 103
Trd, 258611.167, 97
Trd, 258611.650, 97
Trd, 258612.033, 96
Trd, 258612.083, 95
Trd, 258612.900, 105
Trd, 258613.017, 105
Trd, 258613.733, 109
Trd, 258613.833, 105
Trd, 258613.967, 99
Trd, 258614.267, 84
Trd, 258614.433, 81
Trd, 258615.733, 102
Trd, 258616.933, 101
Trd, 258617.033, 109
Trd, 258617.150, 105
Trd, 258617.167, 100
Trd, 258617.200, 96
Trd, 258617.850, 95
Trd, 258618.133, 109
Trd, 258618.600, 104
Trd, 258618.667, 112
Trd, 258619.267, 111
Trd, 258620.700, 104
Trd, 258620.733, 103
Trd, 258620.767, 102
Trd, 258621.017, 98
Trd, 258621.083, 106
Trd, 258622.100, 100
Trd, 258622.633, 106
Trd, 258622.733, 117
Trd, 258623.467, 115
Trd, 258623.583, 98
Trd, 258623.933, 81
Trd, 258624.950, 82
Trd, 258625.000, 83
Trd, 258625.467, 107
Trd, 258625.683, 104
Trd, 258626.200, 103
Trd, 258627.383, 106
Trd, 258627.650, 94
Trd, 258627.783, 106
Trd, 258627.800, 109
Trd, 258628.217, 109
Trd, 258628.883, 106
Trd, 258629.817, 113
Trd, 258630.233, 105
Trd, 258630.483, 101
Trd, 258630.950, 100
Trd, 258631.050, 106
Trd, 258631.250, 107
Trd, 258631.450, 103
Trd, 258632.083, 108
Trd, 258633.183, 99
Trd, 258633.450, 98
Trd, 258633.550, 97
Trd, 258634.183, 91
Trd, 258634.533, 84
Trd, 258635.183, 107
Trd, 258636.300, 106
Trd, 258637.250, 107
Trd, 258637.433, 100
Trd, 258637.950, 104
Trd, 258638.000, 103
Trd, 258638.150, 98
Trd, 258639.600, 105
Trd, 258640.200, 98
Trd, 258641.000, 101
Trd, 258641.167, 108
Trd, 258641.217, 100
Trd, 258641.550, 97
Trd, 258642.300, 107
Trd, 258642.883, 100
Trd, 258642.933, 96
Trd, 258643.083, 107
Trd, 258643.350, 95
Trd, 258643.900, 95
Trd, 258644.500, 96
Trd, 258644.583, 97
Trd, 258644.850, 95
Trd, 258647.150, 99
Trd, 258647.533, 100
Trd, 258647.900, 97
Trd, 258647.967, 107
Trd, 258648.017, 95
Trd, 258648.517, 84
Trd, 258648.800, 88
Trd, 258648.967, 80
Trd, 258648.983, 113
Trd, 258649.433, 98
Trd, 258650.500, 101
Trd, 258650.633, 89
Trd, 258651.150, 109
Trd, 258651.983, 97
Trd, 258652.050, 92
Trd, 258652.117, 111
Trd, 258652.733, 92
Trd, 258653.350, 107
Trd, 258654.000, 98
Trd, 258654.417, 99
Trd, 258655.567, 96
Trd, 258656.033, 106
Trd, 258656.517, 105
Trd, 258656.567, 100
Trd, 258656.817, 105
Trd, 258657.100, 103
Trd, 258657.117, 106
Trd, 258658.317, 109
Trd, 258658.400, 101
Trd, 258658.433, 100
Trd, 258658.833, 98
Trd, 258658.867, 95
Trd, 258659.633, 105
Trd, 258660.033, 107
Trd, 258660.400, 107
Trd, 258660.483, 103
Trd, 258660.667, 107
Trd, 258660.767, 100
Trd, 258661.017, 109
Trd, 258662.083, 106
Trd, 258662.833, 109
Trd, 258664.550, 96
Trd, 258664.600, 91
Trd, 258665.017, 86
Trd, 258665.583, 84
Trd, 258665.717, 99
Trd, 258665.817, 99
Trd, 258667.483, 86
Trd, 258668.433, 102
Trd, 258668.817, 103
Trd, 258668.900, 108
Trd, 258668.917, 109
Trd, 258669.050, 99
Trd, 258670.500, 95
Trd, 258671.167, 113
Trd, 258671.567, 93
Trd, 258671.750, 90
Trd, 258672.150, 86
Trd, 258672.200, 107
Trd, 258672.983, 99
Trd, 258673.183, 107
Trd, 258673.333, 89
Trd, 258674.467, 89
Trd, 258675.883, 104
Trd, 258676.400, 101
Trd, 258677.017, 97
Trd, 258677.133, 93
Trd, 258677.233, 101
Trd, 258677.300, 91
Trd, 258677.583, 96
Trd, 258677.900, 87
Trd, 258678.067, 106
Trd, 258678.533, 108
Trd, 258679.883, 101
Trd, 258680.150, 102
Trd, 258680.367, 109
Trd, 258680.633, 102
Trd, 258681.017, 102
Trd, 258681.033, 98
Trd, 258681.817, 115
Trd, 258681.867, 114
Trd, 258682.150, 126
Trd, 258682.333, 98
Trd, 258682.950, 99
Trd, 258683.000, 94
Trd, 258684.100, 85
Trd, 258684.967, 97
Trd, 258685.100, 101
Trd, 258685.500, 101
Trd, 258685.817, 106
Trd, 258685.850, 109
Trd, 258687.017, 106
Trd, 258687.333, 99
Trd, 258687.483, 112
Trd, 258687.533, 105
Trd, 258687.883, 107
Trd, 258687.900, 100
Trd, 258689.033, 116
Trd, 258689.483, 117
Trd, 258689.683, 112
Trd, 258689.867, 98
Trd, 258690.300, 112
Trd, 258690.417, 100
Trd, 258690.833, 105
Trd, 258691.150, 97
Trd, 258691.817, 107
Trd, 258692.067, 104
Trd, 258692.767, 102
Trd, 258694.800, 101
Trd, 258695.033, 102
Trd, 258696.050, 102
Trd, 258696.100, 104
Trd, 258696.550, 104
Trd, 258696.683, 109
Trd, 258696.767, 101
Trd, 258697.333, 102
Trd, 258697.367, 97
Trd, 258697.883, 96
Trd, 258698.300, 106
Trd, 258699.017, 102
Trd, 258700.117, 105
Trd, 258700.667, 105
Trd, 258702.250, 100
Trd, 258702.450, 98
Trd, 258702.733, 98
Trd, 258703.033, 101
Trd, 258703.267, 98
Trd, 258703.350, 101
Trd, 258703.400, 108
Trd, 258703.550, 95
Trd, 258703.950, 117
Trd, 258704.533, 102
Trd, 258704.550, 99
Trd, 258705.100, 101
Trd, 258705.200, 100
Trd, 258705.500, 110
Trd, 258705.683, 95
Trd, 258706.700, 107
Trd, 258706.933, 112
Trd, 258707.483, 97
Trd, 258708.033, 98
Trd, 258709.183, 98
Trd, 258709.733, 99
Trd, 258709.900, 114
Trd, 258710.000, 98
Trd, 258710.600, 86
Trd, 258710.650, 92
Trd, 258710.933, 101
Trd, 258711.317, 110
Trd, 258711.733, 98
Trd, 258713.817, 91
Trd, 258714.300, 90
Trd, 258714.633, 96
Trd, 258715.250, 90
Trd, 258716.117, 89
Trd, 258716.267, 98
Trd, 258716.783, 99
Trd, 258717.000, 90
Trd, 258717.367, 107
Trd, 258717.733, 117
Trd, 258718.467, 95
Trd, 258719.150, 94
Trd, 258720.033, 105
Trd, 258720.567, 105
Trd, 258720.750, 102
Trd, 258721.083, 94
Trd, 258721.233, 93
Trd, 258722.000, 92
Trd, 258722.133, 98
Trd, 258722.517, 99
Trd, 258723.367, 105
Trd, 258723.867, 97
Trd, 258724.117, 97
Trd, 258724.700, 98
Trd, 258726.083, 102
Trd, 258726.650, 93
Trd, 258726.850, 84
Trd, 258727.067, 101
Trd, 258727.333, 80
Trd, 258727.917, 100
Trd, 258727.933, 108
Trd, 258728.700, 108
Trd, 258729.267, 88
Trd, 258729.533, 98
Trd, 258729.833, 97
Trd, 258730.683, 106
Trd, 258730.717, 97
Trd, 258731.300, 96
Trd, 258732.083, 101
Trd, 258732.350, 84
Trd, 258733.250, 100
Trd, 258733.300, 92
Trd, 258733.483, 91
Trd, 258733.833, 101
Trd, 258735.150, 90
Trd, 258735.617, 97
Trd, 258735.967, 104
Trd, 258736.383, 102
Trd, 258737.567, 100
Trd, 258737.800, 101
Trd, 258738.333, 101
Trd, 258738.350, 98
Trd, 258739.067, 107
Trd, 258739.533, 86
Trd, 258740.633, 98
Trd, 258740.983, 107
Trd, 258741.150, 95
Trd, 258742.117, 107
Trd, 258742.500, 106
Trd, 258742.700, 107
Trd, 258742.867, 98
Trd, 258742.917, 109
Trd, 258743.600, 98
Trd, 258744.083, 107
Trd, 258744.367, 115
Trd, 258744.417, 114
Trd, 258744.700, 91
Trd, 258745.033, 91
Trd, 258745.233, 90
Trd, 258745.517, 105
Trd, 258745.867, 90
Trd, 258746.083, 86
Trd, 258746.217, 92
Trd, 258746.667, 116
Trd, 258747.350, 100
Trd, 258747.400, 101
Trd, 258747.600, 98
Trd, 258750.483, 97
Trd, 258750.950, 97
Trd, 258751.750, 103
Trd, 258752.050, 103
Trd, 258752.100, 107
Trd, 258752.317, 105
Trd, 258752.333, 98
Trd, 258753.217, 98
Trd, 258753.283, 115
Trd, 258753.483, 84
Trd, 258753.550, 84
Trd, 258753.833, 109
Trd, 258755.083, 110
Trd, 258755.117, 109
Trd, 258755.517, 109
Trd, 258755.683, 108
Trd, 258756.017, 100
Trd, 258756.867, 99
Trd, 258756.967, 99
Trd, 258757.683, 104
Trd, 258757.783, 100
Trd, 258758.683, 95
Trd, 258759.183, 105
Trd, 258759.683, 99
Trd, 258759.833, 94
Trd, 258760.133, 107
Trd, 258760.200, 84
Trd, 258760.600, 83
Trd, 258761.117, 81
Trd, 258761.250, 107
Trd, 258761.700, 109
Trd, 258761.917, 107
Trd, 258762.483, 107
Trd, 258762.917, 105
Trd, 258763.433, 105
Trd, 258763.567, 100
Trd, 258764.383, 104
Trd, 258764.700, 98
Trd, 258765.500, 108
Trd, 258766.100, 93
Trd, 258766.350, 106
Trd, 258766.367, 108
Trd, 258766.883, 106
Trd, 258767.717, 109
Trd, 258768.150, 104
Trd, 258768.817, 105
Trd, 258769.617, 113
Trd, 258769.700, 111
Trd, 258769.733, 106
Trd, 258771.183, 107
Trd, 258771.383, 96
Trd, 258772.083, 96
Trd, 258772.367, 104
Trd, 258772.800, 106
Trd, 258772.850, 101
Trd, 258774.267, 101
Trd, 258774.450, 100
Trd, 258774.850, 101
Trd, 258775.383, 106
Trd, 258776.050, 101
Trd, 258776.900, 100
Trd, 258777.700, 95
Trd, 258778.150, 99
Trd, 258778.183, 94
Trd, 258778.333, 93
Trd, 258778.350, 100
Trd, 258780.117, 94
Trd, 258780.467, 95
Trd, 258780.917, 94
Trd, 258781.133, 98
Trd, 258781.583, 93
Trd, 258781.617, 99
Trd, 258782.383, 85
Trd, 258782.583, 86
Trd, 258782.600, 104
Trd, 258782.650, 108
Trd, 258783.417, 101
Trd, 258784.383, 98
Trd, 258784.950, 96
Trd, 258785.000, 109
Trd, 258785.717, 95
Trd, 258785.750, 84
Trd, 258786.733, 99
Trd, 258787.533, 104
Trd, 258787.817, 105
Trd, 258787.833, 103
Trd, 258788.167, 98
Trd, 258788.450, 95
Trd, 258788.650, 94
Trd, 258788.767, 102
Trd, 258788.917, 103
Trd, 258789.150, 103
Trd, 258789.400, 102
Trd, 258789.867, 86
Trd, 258790.850, 94
Trd, 258791.700, 108
Trd, 258792.917, 105
Trd, 258793.033, 104
Trd, 258794.167, 106
Trd, 258794.583, 105
Trd, 258794.617, 107
Trd, 258795.633, 106
Trd, 258796.217, 109
Trd, 258796.233, 108
Trd, 258796.467, 93
Trd, 258796.750, 109
Trd, 258797.483, 91
Trd, 258798.117, 109
Trd, 258798.500, 104
Trd, 258798.617, 92
Trd, 258799.483, 96
Trd, 258799.517, 89
Trd, 258799.817, 100
Trd, 258800.433, 102
Trd, 258801.150, 96
Trd, 258801.283, 110
Trd, 258801.667, 114
Trd, 258802.600, 113
Trd, 258802.667, 111
Trd, 258802.683, 114
Trd, 258802.833, 100
Trd, 258803.233, 104
Trd, 258803.933, 99
Trd, 258803.967, 98
Trd, 258804.150, 107
Trd, 258804.967, 108
Trd, 258805.567, 86
Trd, 258806.100, 84
Trd, 258806.883, 82
Trd, 258807.700, 109
Trd, 258807.933, 109
Trd, 258807.967, 100
Trd, 258808.200, 110
Trd, 258809.167, 106
Trd, 258809.217, 104
Trd, 258809.467, 107
Trd, 258809.617, 115
Trd, 258812.183, 106
Trd, 258812.217, 107
Trd, 258812.683, 109
Trd, 258812.733, 108
Trd, 258812.900, 114
Trd, 258813.183, 104
Trd, 258813.683, 108
Trd, 258814.150, 91
Trd, 258814.500, 90
Trd, 258814.567, 87
Trd, 258814.667, 82
Trd, 258814.917, 84
Trd, 258815.633, 100
Trd, 258815.733, 109
Trd, 258816.350, 98
Trd, 258816.633, 104
Trd, 258816.717, 90
Trd, 258818.100, 100
Trd, 258818.150, 110
Trd, 258820.283, 111
Trd, 258820.700, 112
Trd, 258820.900, 110
Trd, 258821.017, 110
Trd, 258821.400, 108
Trd, 258821.667, 93
Trd, 258821.867, 112
Trd, 258822.183, 97
Trd, 258822.317, 94
Trd, 258822.900, 94
Trd, 258822.917, 106
Trd, 258823.100, 112
Trd, 258824.333, 110
Trd, 258824.533, 97
Trd, 258825.167, 112
Trd, 258825.450, 110
Trd, 258826.250, 103
Trd, 258826.317, 100
Trd, 258826.817, 99
Trd, 258827.217, 113
Trd, 258827.783, 102
Trd, 258827.950, 101
Trd, 258828.100, 115
Trd, 258828.550, 98
Trd, 258828.783, 113
Trd, 258829.267, 105
Trd, 258829.583, 89
Trd, 258829.667, 114
Trd, 258831.050, 108
Trd, 258831.883, 85
Trd, 258832.250, 102
Trd, 258833.217, 87
Trd, 258833.433, 105
Trd, 258833.550, 102
Trd, 258834.600, 95
Trd, 258834.633, 109
Trd, 258834.817, 94
Trd, 258835.067, 111
Trd, 258836.067, 112
Trd, 258836.400, 111
Trd, 258836.617, 106
Trd, 258836.650, 104
Trd, 258837.583, 111
Trd, 258837.750, 101
Trd, 258838.800, 115
Trd, 258838.883, 102
Trd, 258838.900, 100
Trd, 258839.000, 98
Trd, 258839.467, 84
Trd, 258839.633, 110
Trd, 258839.867, 98
Trd, 258839.933, 109
Trd, 258840.267, 95
Trd, 258841.333, 109
Trd, 258841.567, 122
Trd, 258842.467, 79
Trd, 258843.200, 101
Trd, 258843.917, 102
Trd, 258844.517, 100
Trd, 258845.050, 101
Trd, 258845.500, 96
Trd, 258845.867, 96
Trd, 258846.050, 101
Trd, 258846.483, 100
Trd, 258846.983, 91
Trd, 258847.233, 90
Trd, 258847.983, 109
Trd, 258848.117, 110
Trd, 258848.483, 87
Trd, 258848.783, 102
Trd, 258848.967, 105
Trd, 258850.083, 113
Trd, 258850.467, 107
Trd, 258850.700, 105
Trd, 258850.817, 102
Trd, 258851.017, 115
Trd, 258851.817, 99
Trd, 258851.917, 94
Trd, 258852.233, 97
Trd, 258852.467, 85
Trd, 258852.700, 85
Trd, 258852.733, 84
Trd, 258853.500, 77
Trd, 258853.683, 106
Trd, 258853.833, 108
Trd, 258854.400, 107
Trd, 258855.650, 91
Trd, 258856.117, 85
Trd, 258856.800, 100
Trd, 258857.700, 103
Trd, 258857.733, 102
Trd, 258857.967, 85
Trd, 258858.317, 105
Trd, 258858.333, 84
Trd, 258858.683, 90
Trd, 258859.483, 104
Trd, 258861.050, 103
Trd, 258861.850, 103
Trd, 258862.250, 104
Trd, 258862.367, 103
Trd, 258862.450, 106
Trd, 258862.767, 104
Trd, 258863.283, 103
Trd, 258863.800, 104
Trd, 258863.883, 98
Trd, 258863.900, 93
Trd, 258863.967, 105
Trd, 258864.250, 107
Trd, 258864.950, 106
Trd, 258865.400, 104
Trd, 258866.150, 104
Trd, 258866.783, 102
Trd, 258866.883, 98
Trd, 258867.150, 97
Trd, 258867.250, 95
Trd, 258867.433, 93
Trd, 258868.517, 102
Trd, 258868.733, 100
Trd, 258869.583, 113
Trd, 258869.750, 94
Trd, 258870.050, 115
Trd, 258870.117, 90
Trd, 258870.767, 88
Trd, 258870.817, 88
Trd, 258871.467, 89
Trd, 258872.200, 87
Trd, 258873.300, 88
Trd, 258873.367, 101
Trd, 258874.050, 95
Trd, 258874.083, 119
Trd, 258875.267, 105
Trd, 258875.683, 107
Trd, 258875.750, 100
Trd, 258876.083, 99
Trd, 258876.433, 112
Trd, 258877.533, 102
Trd, 258878.017, 101
Trd, 258879.633, 101
Trd, 258880.450, 100
Trd, 258880.733, 101
Trd, 258881.300, 106
Trd, 258881.317, 98
Trd, 258881.450, 96
Trd, 258882.283, 91
Trd, 258882.417, 90
Trd, 258882.433, 87
Trd, 258882.567, 84
Trd, 258883.117, 101
Trd, 258883.483, 102
Trd, 258883.783, 82
Trd, 258884.667, 101
Trd, 258885.233, 103
Trd, 258885.767, 101
Trd, 258887.767, 104
Trd, 258888.017, 103
Trd, 258888.717, 109
Trd, 258888.767, 109
Trd, 258888.800, 112
Trd, 258889.100, 99
Trd, 258889.517, 95
Trd, 258889.750, 94
Trd, 258890.067, 95
Trd, 258890.867, 93
Trd, 258891.783, 86
Trd, 258891.900, 93
Trd, 258891.917, 108
Trd, 258892.167, 109
Trd, 258892.183, 109
Trd, 258892.517, 116
Trd, 258893.400, 100
Trd, 258893.467, 86
Trd, 258893.783, 103
Trd, 258894.217, 85
Trd, 258894.967, 86
Trd, 258895.017, 84
Trd, 258896.383, 100
Trd, 258896.400, 98
Trd, 258896.950, 93
Trd, 258897.817, 98
Trd, 258898.050, 112
Trd, 258898.200, 84
Trd, 258898.250, 82
Trd, 258899.467, 109
Trd, 258899.633, 109
Trd, 258900.150, 107
Trd, 258900.300, 110
Trd, 258900.600, 106
Trd, 258900.667, 100
Trd, 258901.067, 111
Trd, 258901.533, 105
Trd, 258901.900, 98
Trd, 258902.300, 103
Trd, 258902.783, 95
Trd, 258903.083, 89
Trd, 258903.100, 96
Trd, 258903.133, 112
Trd, 258903.833, 84
Trd, 258904.767, 88
Trd, 258904.917, 93
Trd, 258905.267, 93
Trd, 258905.617, 88
Trd, 258907.000, 85
Trd, 258907.350, 108
Trd, 258907.517, 98
Trd, 258907.667, 93
Trd, 258908.050, 94
Trd, 258908.117, 84
Trd, 258909.033, 95
Trd, 258909.400, 107
Trd, 258909.733, 106
Trd, 258910.150, 107
Trd, 258910.600, 101
Trd, 258910.983, 107
Trd, 258911.167, 107
Trd, 258911.767, 101
Trd, 258911.850, 100
Trd, 258912.033, 98
Trd, 258912.533, 85
Trd, 258913.500, 104
Trd, 258913.550, 105
Trd, 258914.400, 106
Trd, 258915.017, 102
Trd, 258915.900, 107
Trd, 258916.383, 103
Trd, 258916.400, 101
Trd, 258917.133, 99
Trd, 258918.217, 108
Trd, 258918.733, 98
Trd, 258919.267, 108
Trd, 258919.383, 110
Trd, 258919.400, 100
Trd, 258919.917, 100
Trd, 258920.683, 101
Trd, 258921.483, 98
Trd, 258922.100, 106
Trd, 258922.667, 103
Trd, 258923.217, 102
Trd, 258923.733, 102
Trd, 258923.967, 101
Trd, 258924.183, 100
Trd, 258924.217, 95
Trd, 258924.883, 102
Trd, 258924.933, 104
Trd, 258925.250, 97
Trd, 258925.567, 114
Trd, 258925.667, 110
Trd, 258927.167, 100
Trd, 258927.333, 108
Trd, 258927.400, 98
Trd, 258928.150, 95
Trd, 258928.267, 82
Trd, 258928.367, 107
Trd, 258929.067, 79
Trd, 258931.100, 108
Trd, 258931.217, 100
Trd, 258931.400, 104
Trd, 258931.467, 109
Trd, 258931.683, 110
Trd, 258931.783, 96
Trd, 258932.167, 109
Trd, 258932.233, 96
Trd, 258932.717, 117
Trd, 258933.133, 116
Trd, 258934.200, 98
Trd, 258934.983, 101
Trd, 258935.200, 98
Trd, 258935.383, 93
Trd, 258935.517, 101
Trd, 258935.650, 90
Trd, 258935.700, 102
Trd, 258935.883, 84
Trd, 258937.017, 104
Trd, 258937.183, 87
Trd, 258937.250, 106
Trd, 258938.883, 108
Trd, 258939.333, 107
Trd, 258939.483, 102
Trd, 258939.800, 90
Trd, 258941.700, 107
Trd, 258943.033, 99
Trd, 258943.500, 98
Trd, 258943.717, 98
Trd, 258943.750, 96
Trd, 258943.867, 95
Trd, 258943.900, 90
Trd, 258943.950, 87
Trd, 258944.083, 87
Trd, 258944.750, 96
Trd, 258944.950, 97
Trd, 258945.233, 107
Trd, 258945.817, 107
Trd, 258946.100, 94
Trd, 258946.283, 106
Trd, 258947.017, 108
Trd, 258947.383, 96
Trd, 258949.200, 101
Trd, 258949.267, 103
Trd, 258949.317, 99
Trd, 258949.583, 106
Trd, 258950.050, 114
Trd, 258950.083, 99
Trd, 258950.283, 98
Trd, 258951.150, 102
Trd, 258951.183, 101
Trd, 258952.200, 106
Trd, 258952.417, 107
Trd, 258952.583, 106
Trd, 258952.650, 98
Trd, 258952.783, 92
Trd, 258953.217, 85
Trd, 258953.250, 85
Trd, 258954.483, 87
Trd, 258954.567, 88
Trd, 258955.167, 89
Trd, 258956.050, 99
Trd, 258956.433, 90
Trd, 258956.533, 84
Trd, 258957.750, 97
Trd, 258958.250, 102
Trd, 258958.533, 90
Trd, 258959.750, 101
Trd, 258959.767, 102
Trd, 258959.783, 106
Trd, 258959.883, 112
Trd, 258960.117, 109
Trd, 258960.633, 110
Trd, 258960.683, 90
Trd, 258962.183, 110
Trd, 258962.250, 101
Trd, 258962.483, 98
Trd, 258962.700, 93
Trd, 258962.750, 108
Trd, 258964.350, 98
Trd, 258964.500, 105
Trd, 258965.400, 95
Trd, 258966.150, 108
Trd, 258967.017, 93
Trd, 258967.350, 100
Trd, 258967.783, 104
Trd, 258967.950, 93
Trd, 258968.333, 107
Trd, 258969.083, 87
Trd, 258969.400, 86
Trd, 258970.200, 100
Trd, 258970.917, 92
Trd, 258970.933, 87
Trd, 258971.983, 98
Trd, 258972.067, 99
Trd, 258972.267, 102
Trd, 258972.967, 107
Trd, 258973.217, 99
Trd, 258973.517, 98
Trd, 258974.167, 103
Trd, 258974.850, 98
Trd, 258975.283, 105
Trd, 258976.000, 104
Trd, 258976.033, 103
Trd, 258976.417, 107
Trd, 258976.750, 99
Trd, 258976.867, 98
Trd, 258977.533, 100
Trd, 258977.583, 105
Trd, 258977.633, 83
Trd, 258978.150, 106
Trd, 258978.850, 91
Trd, 258980.133, 94
Trd, 258980.383, 104
Trd, 258981.033, 93
Trd, 258981.367, 92
Trd, 258981.633, 91
Trd, 258982.600, 102
Trd, 258983.517, 105
Trd, 258983.600, 106
Trd, 258983.667, 99
Trd, 258984.217, 112
Trd, 258984.517, 115
Trd, 258985.133, 97
Trd, 258985.317, 95
Trd, 258986.067, 107
Trd, 258986.400, 110
Trd, 258986.650, 92
Trd, 258986.750, 110
Trd, 258987.050, 87
Trd, 258987.917, 108
Trd, 258988.333, 103
Trd, 258989.300, 93
Trd, 258989.400, 94
Trd, 258989.450, 87
Trd, 258990.533, 86
Trd, 258991.783, 100
Trd, 258992.250, 92
Trd, 258992.317, 88
Trd, 258993.000, 102
Trd, 258993.083, 86
Trd, 258993.133, 103
Trd, 258993.950, 104
Trd, 258994.133, 103
Trd, 258994.517, 102
Trd, 258995.900, 103
Trd, 258996.200, 102
Trd, 258997.267, 103
Trd, 258997.367, 108
Trd, 258997.600, 109
Trd, 258998.267, 115
Trd, 258998.767, 118
Trd, 258998.867, 104
Trd, 258999.283, 104
Trd, 258999.583, 107
Trd, 258999.800, 105
Trd, 259000.017, 98
Trd, 259000.400, 98
Trd, 259000.850, 90
Trd, 259001.717, 99
Trd, 259002.617, 103
Trd, 259002.883, 104
Trd, 259003.600, 107
Trd, 259004.167, 101
Trd, 259004.467, 101
Trd, 259004.617, 100
Trd, 259005.067, 93
Trd, 259005.183, 92
Trd, 259005.600, 103
Trd, 259005.667, 105
Trd, 259005.950, 105
Trd, 259006.417, 89
Trd, 259007.767, 86
Trd, 259007.867, 102
Trd, 259007.883, 83
Trd, 259007.917, 107
Trd, 259008.783, 96
Trd, 259009.717, 106
Trd, 259009.883, 109
Trd, 259010.600, 109
Trd, 259010.833, 108
Trd, 259011.350, 100
Trd, 259011.367, 99
Trd, 259011.717, 103
Trd, 259012.600, 103
Trd, 259012.900, 98
Trd, 259013.000, 95
Trd, 259013.217, 102
Trd, 259014.383, 101
Trd, 259014.417, 108
Trd, 259015.200, 97
Trd, 259015.283, 96
Trd, 259015.567, 90
Trd, 259016.700, 102
Trd, 259016.933, 103
Trd, 259017.850, 107
Trd, 259018.283, 104
Trd, 259018.800, 103
Trd, 259019.050, 105
Trd, 259019.200, 106
Trd, 259020.067, 107
Trd, 259020.117, 115
Trd, 259020.783, 108
Trd, 259021.383, 100
Trd, 259021.500, 105
Trd, 259021.867, 98
Trd, 259022.300, 106
Trd, 259022.333, 108
Trd, 259022.567, 102
Trd, 259022.650, 98
Trd, 259022.750, 96
Trd, 259023.050, 90
Trd, 259023.733, 103
Trd, 259024.467, 102
Trd, 259025.300, 111
Trd, 259025.383, 94
Trd, 259025.917, 99
Trd, 259026.800, 108
Trd, 259027.267, 95
Trd, 259027.433, 90
Trd, 259027.583, 87
Trd, 259029.800, 99
Trd, 259030.467, 98
Trd, 259030.583, 98
Trd, 259031.367, 111
Trd, 259031.867, 105
Trd, 259032.317, 110
Trd, 259033.083, 100
Trd, 259033.183, 107
Trd, 259033.567, 101
Trd, 259034.150, 98
Trd, 259034.417, 109
Trd, 259034.817, 112
Trd, 259035.767, 116
Trd, 259036.850, 109
Trd, 259037.067, 117
Trd, 259038.117, 106
Trd, 259038.367, 102
Trd, 259039.017, 109
Trd, 259039.067, 101
Trd, 259039.283, 98
Trd, 259039.367, 93
Trd, 259039.600, 109
Trd, 259039.950, 92
Trd, 259040.333, 110
Trd, 259040.400, 111
Trd, 259041.333, 108
Trd, 259041.667, 115
Trd, 259041.783, 105
Trd, 259042.967, 96
Trd, 259043.683, 97
Trd, 259043.933, 96
Trd, 259045.283, 101
Trd, 259046.317, 108
Trd, 259046.500, 96
Trd, 259046.517, 106
Trd, 259046.533, 83
Trd, 259046.933, 79
Trd, 259047.000, 80
Trd, 259047.483, 110
Trd, 259048.983, 104
Trd, 259049.350, 102
Trd, 259049.783, 105
Trd, 259049.883, 104
Trd, 259049.933, 102
Trd, 259050.417, 98
Trd, 259050.700, 107
Trd, 259050.817, 84
Trd, 259050.967, 82
Trd, 259051.483, 94
Trd, 259051.917, 87
Trd, 259051.950, 84
Trd, 259052.350, 90
Trd, 259054.017, 92
Trd, 259054.767, 105
Trd, 259055.267, 104
Trd, 259055.383, 105
Trd, 259056.200, 107
Trd, 259056.617, 96
Trd, 259056.800, 105
Trd, 259057.683, 96
Trd, 259057.733, 93
Trd, 259058.150, 95
Trd, 259058.667, 97
Trd, 259059.000, 105
Trd, 259059.367, 96
Trd, 259059.417, 85
Trd, 259059.533, 106
Trd, 259060.317, 107
Trd, 259060.400, 110
Trd, 259060.833, 82
Trd, 259062.117, 103
Trd, 259062.433, 98
Trd, 259062.533, 97
Trd, 259063.633, 106
Trd, 259063.733, 104
Trd, 259064.433, 104
Trd, 259065.100, 96
Trd, 259065.433, 97
Trd, 259065.567, 98
Trd, 259065.750, 97
Trd, 259065.767, 109
Trd, 259066.483, 107
Trd, 259066.517, 95
Trd, 259068.450, 99
Trd, 259069.200, 97
Trd, 259069.333, 108
Trd, 259071.150, 106
Trd, 259072.150, 104
Trd, 259072.333, 101
Trd, 259072.617, 101
Trd, 259072.683, 99
Trd, 259073.233, 106
Trd, 259074.050, 106
Trd, 259074.167, 100
Trd, 259074.217, 107
Trd, 259074.883, 107
Trd, 259075.083, 99
Trd, 259075.283, 99
Trd, 259077.650, 102
Trd, 259078.317, 101
Trd, 259078.700, 101
Trd, 259079.483, 101
Trd, 259079.733, 87
Trd, 259080.183, 100
Trd, 259080.550, 86
Trd, 259080.667, 103
Trd, 259080.767, 84
Trd, 259081.383, 82
Trd, 259082.317, 84
Trd, 259082.417, 91
Trd, 259082.533, 91
Trd, 259082.567, 92
Trd, 259082.683, 105
Trd, 259084.450, 91
Trd, 259084.783, 91
Trd, 259085.050, 102
Trd, 259085.617, 94
Trd, 259086.850, 102
Trd, 259087.017, 104
Trd, 259088.483, 97
Trd, 259088.567, 105
Trd, 259088.817, 98
Trd, 259089.117, 108
Trd, 259089.750, 97
Trd, 259089.900, 96
Trd, 259090.067, 95
Trd, 259090.100, 101
Trd, 259090.850, 108
Trd, 259090.867, 96
Trd, 259091.133, 97
Trd, 259091.417, 109
Trd, 259091.950, 90
Trd, 259092.733, 88
Trd, 259095.033, 106
Trd, 259095.350, 107
Trd, 259095.500, 102
Trd, 259095.700, 103
Trd, 259095.800, 107
Trd, 259096.117, 103
Trd, 259096.200, 102
Trd, 259096.450, 99
Trd, 259097.667, 102
Trd, 259097.783, 103
Trd, 259097.883, 98
Trd, 259097.950, 106
Trd, 259098.800, 100
Trd, 259098.883, 108
Trd, 259099.483, 107
Trd, 259100.233, 116
Trd, 259100.500, 108
Trd, 259100.550, 126
Trd, 259101.150, 103
Trd, 259101.267, 101
Trd, 259102.067, 99
Trd, 259102.133, 98
Trd, 259102.200, 102
Trd, 259102.450, 103
Trd, 259103.517, 103
Trd, 259104.917, 104
Trd, 259105.000, 95
Trd, 259105.283, 99
Trd, 259106.667, 94
Trd, 259107.333, 85
Trd, 259107.567, 83
Trd, 259107.633, 83
Trd, 259107.833, 80
Trd, 259108.617, 83
Trd, 259108.967, 88
Trd, 259109.100, 96
Trd, 259110.200, 97
Trd, 259110.583, 106
Trd, 259110.767, 106
Trd, 259110.883, 105
Trd, 259111.767, 102
Trd, 259111.883, 97
Trd, 259112.300, 96
Trd, 259112.683, 84
Trd, 259114.633, 100
Trd, 259115.583, 100
Trd, 259115.983, 98
Trd, 259116.633, 98
Trd, 259116.783, 94
Trd, 259116.900, 100
Trd, 259117.350, 93
Trd, 259117.517, 98
Trd, 259118.633, 89
Trd, 259118.750, 88
Trd, 259118.983, 86
Trd, 259119.083, 107
Trd, 259119.783, 115
Trd, 259120.033, 86
Trd, 259121.450, 105
Trd, 259122.700, 104
Trd, 259123.017, 101
Trd, 259123.233, 99
Trd, 259123.600, 96
Trd, 259124.117, 104
Trd, 259124.200, 87
Trd, 259124.317, 106
Trd, 259125.283, 114
Trd, 259125.400, 108
Trd, 259126.500, 99
Trd, 259126.633, 106
Trd, 259126.917, 98
Trd, 259127.800, 109
Trd, 259128.517, 106
Trd, 259129.483, 102
Trd, 259129.567, 102
Trd, 259130.300, 100
Trd, 259130.667, 99
Trd, 259130.717, 98
Trd, 259131.367, 96
Trd, 259131.800, 96
Trd, 259131.900, 95
Trd, 259132.483, 113
Trd, 259132.700, 119
Trd, 259133.150, 88
Trd, 259133.583, 85
Trd, 259133.800, 85
Trd, 259134.217, 85
Trd, 259135.567, 103
Trd, 259136.183, 102
Trd, 259136.300, 103
Trd, 259136.567, 105
Trd, 259137.117, 92
Trd, 259137.533, 93
Trd, 259137.900, 94
Trd, 259138.250, 94
Trd, 259139.783, 103
Trd, 259139.950, 104
Trd, 259140.100, 110
Trd, 259140.117, 103
Trd, 259140.167, 93
Trd, 259140.967, 107
Trd, 259142.200, 106
Trd, 259142.300, 100
Trd, 259142.367, 108
Trd, 259142.567, 90
Trd, 259143.000, 88
Trd, 259143.417, 99
Trd, 259143.533, 100
Trd, 259144.367, 95
Trd, 259145.750, 88
Trd, 259145.783, 87
Trd, 259145.850, 99
Trd, 259147.133, 106
Trd, 259147.517, 97
Trd, 259147.633, 86
Trd, 259148.067, 107
Trd, 259148.417, 86
Trd, 259148.617, 106
Trd, 259149.050, 97
Trd, 259149.167, 107
Trd, 259149.500, 114
Trd, 259149.850, 105
Trd, 259150.100, 98
Trd, 259151.117, 105
Trd, 259151.250, 106
Trd, 259151.533, 97
Trd, 259151.817, 99
Trd, 259151.850, 100
Trd, 259151.900, 110
Trd, 259153.217, 97
Trd, 259153.267, 95
Trd, 259154.100, 98
Trd, 259154.167, 95
Trd, 259154.717, 92
Trd, 259155.583, 100
Trd, 259156.383, 104
Trd, 259156.417, 111
Trd, 259157.083, 107
Trd, 259157.167, 90
Trd, 259157.250, 87
Trd, 259157.350, 97
Trd, 259158.100, 88
Trd, 259159.067, 105
Trd, 259160.567, 91
Trd, 259160.650, 88
Trd, 259160.733, 101
Trd, 259160.900, 85
Trd, 259162.217, 102
Trd, 259162.383, 102
Trd, 259162.783, 100
Trd, 259162.933, 98
Trd, 259163.250, 102
Trd, 259163.433, 93
Trd, 259163.683, 88
Trd, 259163.983, 103
Trd, 259165.967, 94
Trd, 259166.100, 97
Trd, 259166.417, 106
Trd, 259166.767, 103
Trd, 259167.367, 106
Trd, 259168.833, 102
Trd, 259169.350, 107
Trd, 259169.367, 103
Trd, 259170.183, 106
Trd, 259170.917, 104
Trd, 259171.083, 106
Trd, 259171.250, 103
Trd, 259171.333, 98
Trd, 259171.867, 98
Trd, 259172.033, 105
Trd, 259173.000, 103
Trd, 259173.633, 107
Trd, 259174.267, 107
Trd, 259174.550, 106
Trd, 259175.667, 107
Trd, 259176.483, 107
Trd, 259176.617, 99
Trd, 259177.167, 98
Trd, 259177.767, 97
Trd, 259178.433, 99
Trd, 259178.450, 100
Trd, 259178.500, 98
Trd, 259178.817, 89
Trd, 259178.833, 88
Trd, 259179.217, 102
Trd, 259179.250, 103
Trd, 259179.333, 97
Trd, 259179.550, 96
Trd, 259179.717, 95
Trd, 259180.250, 112
Trd, 259181.517, 108
Trd, 259182.083, 117
Trd, 259182.767, 115
Trd, 259183.067, 100
Trd, 259183.450, 112
Trd, 259183.550, 115
Trd, 259183.967, 112
Trd, 259184.117, 114
Trd, 259184.133, 102
Trd, 259184.150, 98
Trd, 259184.367, 114
Trd, 259184.433, 83
Trd, 259185.817, 111
Trd, 259186.083, 101
Trd, 259186.850, 101
Trd, 259188.050, 102
Trd, 259189.083, 102
Trd, 259189.233, 104
Trd, 259189.333, 114
Trd, 259189.817, 102
Trd, 259190.000, 118
Trd, 259190.367, 101
Trd, 259190.550, 103
Trd, 259190.750, 98
Trd, 259191.367, 101
Trd, 259191.483, 94
Trd, 259191.517, 107
Trd, 259192.050, 93
Trd, 259193.267, 109
Trd, 259193.400, 108
Trd, 259193.417, 84
Trd, 259193.500, 85
Trd, 259194.750, 99
Trd, 259195.983, 99
Trd, 259196.150, 98
Trd, 259196.283, 100
Trd, 259196.350, 101
Trd, 259196.450, 98
Trd, 259196.867, 104
Trd, 259197.700, 101
Trd, 259198.017, 100
Trd, 259198.317, 106
Trd, 259198.833, 104
Trd, 259199.267, 110
Trd, 259199.683, 102
Trd, 259199.950, 111
Trd, 259199.983, 102
