Trd, 258477.300, 108
Trd, 258477.700, 100
Trd, 258477.750, 103
Trd, 258478.650, 112
Trd, 258478.917, 87
Trd, 258479.050, 86
Trd, 258479.700, 89
Trd, 258479.867, 91
Trd, 258480.283, 87
Trd, 258482.150, 94
Trd, 258482.517, 98
Trd, 258483.467, 98
Trd, 258483.717, 101
Trd, 258483.817, 83
Trd, 258484.500, 94
Trd, 258484.867, 89
Trd, 258485.717, 95
Trd, 258488.117, 105
Trd, 258488.950, 103
Trd, 258489.167, 95
Trd, 258489.383, 103
Trd, 258489.450, 81
Trd, 258489.767, 82
Trd, 258489.800, 95
Trd, 258490.133, 105
Trd, 258491.283, 110
Trd, 258491.783, 110
Trd, 258492.833, 83
Trd, 258493.367, 102
Trd, 258493.983, 88
Trd, 258494.067, 100
Trd, 258494.317, 97
Trd, 258495.317, 103
Trd, 258495.600, 87
Trd, 258495.783, 110
Trd, 258495.867, 110
Trd, 258496.700, 105
Trd, 258497.150, 104
Trd, 258497.250, 106
Trd, 258497.317, 112
Trd, 258497.550, 92
Trd, 258497.883, 92
Trd, 258498.350, 108
Trd, 258498.933, 82
Trd, 258500.067, 90
Trd, 258500.483, 108
Trd, 258500.550, 108
Trd, 258500.583, 111
Trd, 258501.117, 100
Trd, 258501.217, 103
Trd, 258503.117, 106
Trd, 258504.750, 85
Trd, 258505.033, 84
Trd, 258505.050, 120
Trd, 258505.500, 83
Trd, 258505.617, 82
Trd, 258506.017, 100
Trd, 258506.433, 102
Trd, 258506.533, 87
Trd, 258506.850, 89
Trd, 258507.300, 113
Trd, 258507.933, 102
Trd, 258508.267, 106
Trd, 258509.500, 116
Trd, 258510.533, 98
Trd, 258510.700, 94
Trd, 258510.733, 92
Trd, 258511.167, 120
Trd, 258511.333, 96
Trd, 258512.600, 92
Trd, 258512.950, 95
Trd, 258513.667, 108
Trd, 258514.600, 87
Trd, 258514.617, 97
Trd, 258514.767, 95
Trd, 258515.750, 102
Trd, 258516.033, 96
Trd, 258516.633, 88
Trd, 258517.000, 80
Trd, 258518.533, 101
Trd, 258518.550, 100
Trd, 258518.883, 93
Trd, 258518.967, 107
Trd, 258519.283, 120
Trd, 258519.617, 123
Trd, 258520.100, 109
Trd, 258520.200, 91
Trd, 258521.817, 93
Trd, 258522.667, 99
Trd, 258522.850, 88
Trd, 258522.900, 129
Trd, 258523.233, 100
Trd, 258524.050, 114
Trd, 258524.100, 105
Trd, 258525.050, 103
Trd, 258525.333, 110
Trd, 258525.583, 103
Trd, 258525.850, 105
Trd, 258526.667, 103
Trd, 258527.250, 105
Trd, 258527.850, 107
Trd, 258528.133, 109
Trd, 258528.950, 87
Trd, 258530.183, 95
Trd, 258530.717, 89
Trd, 258530.850, 85
Trd, 258532.650, 105
Trd, 258532.767, 102
Trd, 258533.067, 102
Trd, 258535.550, 95
Trd, 258535.583, 100
Trd, 258535.700, 94
Trd, 258536.017, 103
Trd, 258536.067, 106
Trd, 258536.133, 90
Trd, 258536.900, 89
Trd, 258537.950, 110
Trd, 258538.250, 103
Trd, 258538.517, 111
Trd, 258538.583, 97
Trd, 258539.683, 102
Trd, 258539.883, 94
Trd, 258541.217, 89
Trd, 258541.267, 90
Trd, 258541.617, 93
Trd, 258542.083, 96
Trd, 258542.267, 84
Trd, 258542.900, 93
Trd, 258543.200, 100
Trd, 258543.267, 102
Trd, 258543.900, 96
Trd, 258544.500, 107
Trd, 258545.733, 107
Trd, 258546.183, 120
Trd, 258546.383, 101
Trd, 258547.217, 88
Trd, 258547.933, 119
Trd, 258548.033, 98
Trd, 258548.283, 101
Trd, 258549.033, 113
Trd, 258549.100, 96
Trd, 258549.567, 88
Trd, 258549.750, 110
Trd, 258550.517, 95
Trd, 258550.617, 85
Trd, 258551.217, 84
Trd, 258551.883, 101
Trd, 258552.117, 99
Trd, 258552.133, 105
Trd, 258553.683, 102
Trd, 258554.367, 101
Trd, 258554.617, 82
Trd, 258556.133, 104
Trd, 258556.517, 86
Trd, 258556.950, 107
Trd, 258556.983, 85
Trd, 258557.250, 112
Trd, 258557.900, 87
Trd, 258558.567, 79
Trd, 258559.500, 84
Trd, 258559.950, 87
Trd, 258561.033, 110
Trd, 258561.283, 102
Trd, 258561.583, 84
Trd, 258562.100, 88
Trd, 258563.067, 97
Trd, 258563.200, 98
Trd, 258563.567, 90
Trd, 258563.633, 79
Trd, 258564.050, 104
Trd, 258564.133, 107
Trd, 258566.167, 107
Trd, 258567.283, 93
Trd, 258567.433, 103
Trd, 258567.983, 104
Trd, 258568.000, 89
Trd, 258568.383, 109
Trd, 258568.417, 87
Trd, 258568.567, 82
Trd, 258568.967, 115
Trd, 258569.650, 114
Trd, 258569.750, 94
Trd, 258570.983, 104
Trd, 258572.250, 104
Trd, 258573.583, 87
Trd, 258573.600, 118
Trd, 258573.883, 88
Trd, 258574.350, 78
Trd, 258574.383, 78
Trd, 258574.933, 101
Trd, 258576.233, 93
Trd, 258576.333, 93
Trd, 258576.633, 99
Trd, 258576.983, 102
Trd, 258577.517, 93
Trd, 258578.600, 99
Trd, 258578.933, 105
Trd, 258579.050, 96
Trd, 258579.717, 93
Trd, 258579.800, 99
Trd, 258580.250, 102
Trd, 258580.417, 98
Trd, 258581.033, 104
Trd, 258581.417, 89
Trd, 258581.517, 84
Trd, 258581.633, 107
Trd, 258582.683, 81
Trd, 258583.017, 81
Trd, 258584.250, 106
Trd, 258584.600, 97
Trd, 258584.883, 101
Trd, 258585.933, 97
Trd, 258586.350, 90
Trd, 258586.367, 98
Trd, 258586.583, 86
Trd, 258587.700, 95
Trd, 258588.333, 101
Trd, 258588.733, 98
Trd, 258588.983, 100
Trd, 258589.850, 83
Trd, 258590.050, 79
Trd, 258590.200, 98
Trd, 258592.183, 87
Trd, 258592.283, 84
Trd, 258593.067, 102
Trd, 258594.083, 93
Trd, 258594.800, 107
Trd, 258595.483, 104
Trd, 258595.783, 110
Trd, 258596.000, 105
Trd, 258596.383, 104
Trd, 258597.033, 120
Trd, 258598.050, 117
Trd, 258598.633, 95
Trd, 258598.867, 85
Trd, 258600.050, 96
Trd, 258600.433, 96
Trd, 258601.067, 90
Trd, 258601.183, 106
Trd, 258601.967, 108
Trd, 258602.383, 97
Trd, 258603.017, 95
Trd, 258603.267, 116
Trd, 258603.817, 97
Trd, 258604.317, 86
Trd, 258604.450, 100
Trd, 258604.517, 103
Trd, 258604.867, 104
Trd, 258605.167, 101
Trd, 258605.833, 114
Trd, 258606.383, 102
Trd, 258607.733, 92
Trd, 258608.117, 92
Trd, 258608.217, 88
Trd, 258608.967, 98
Trd, 258609.250, 89
Trd, 258609.483, 88
Trd, 258610.500, 119
Trd, 258611.133, 99
Trd, 258611.800, 94
Trd, 258611.950, 91
Trd, 258612.167, 103
Trd, 258613.317, 92
Trd, 258614.100, 93
Trd, 258614.483, 97
Trd, 258616.483, 87
Trd, 258616.550, 105
Trd, 258616.567, 104
Trd, 258616.833, 86
Trd, 258616.933, 105
Trd, 258617.133, 107
Trd, 258617.300, 85
Trd, 258617.733, 92
Trd, 258618.200, 83
Trd, 258618.267, 98
Trd, 258618.333, 79
Trd, 258619.333, 116
Trd, 258619.867, 124
Trd, 258621.083, 107
Trd, 258621.267, 103
Trd, 258622.617, 109
Trd, 258623.233, 112
Trd, 258623.400, 87
Trd, 258623.433, 84
Trd, 258623.567, 89
Trd, 258624.483, 95
Trd, 258625.983, 97
Trd, 258626.700, 90
Trd, 258628.033, 110
Trd, 258628.333, 100
Trd, 258629.850, 100
Trd, 258630.667, 110
Trd, 258630.933, 98
Trd, 258631.467, 94
Trd, 258631.933, 96
Trd, 258632.200, 84
Trd, 258632.250, 83
Trd, 258632.767, 95
Trd, 258633.033, 101
Trd, 258633.233, 90
Trd, 258633.450, 107
Trd, 258633.883, 107
Trd, 258634.083, 87
Trd, 258634.383, 74
Trd, 258634.800, 88
Trd, 258635.783, 104
Trd, 258636.767, 128
Trd, 258636.967, 122
Trd, 258637.050, 116
Trd, 258638.517, 117
Trd, 258639.050, 106
Trd, 258639.550, 95
Trd, 258640.517, 110
Trd, 258640.683, 108
Trd, 258641.567, 96
Trd, 258642.767, 102
Trd, 258642.933, 113
Trd, 258642.983, 95
Trd, 258643.200, 87
Trd, 258643.717, 102
Trd, 258644.500, 102
Trd, 258645.650, 98
Trd, 258645.800, 92
Trd, 258647.000, 104
Trd, 258647.450, 105
Trd, 258648.300, 108
Trd, 258648.350, 103
Trd, 258648.367, 102
Trd, 258648.433, 101
Trd, 258648.633, 110
Trd, 258648.900, 97
Trd, 258649.450, 100
Trd, 258649.800, 103
Trd, 258649.883, 106
Trd, 258651.967, 104
Trd, 258653.217, 99
Trd, 258653.317, 95
Trd, 258653.517, 100
Trd, 258653.850, 91
Trd, 258653.967, 95
Trd, 258654.317, 104
Trd, 258654.400, 83
Trd, 258655.117, 110
Trd, 258657.283, 114
Trd, 258658.467, 103
Trd, 258659.467, 109
Trd, 258659.700, 102
Trd, 258660.117, 114
Trd, 258660.333, 103
Trd, 258660.383, 90
Trd, 258660.717, 86
Trd, 258661.433, 108
Trd, 258661.683, 102
Trd, 258663.417, 94
Trd, 258663.967, 92
Trd, 258664.650, 94
Trd, 258665.733, 101
Trd, 258665.817, 106
Trd, 258665.983, 112
Trd, 258666.250, 98
Trd, 258667.400, 91
Trd, 258667.567, 105
Trd, 258667.717, 89
Trd, 258667.867, 107
Trd, 258668.267, 96
Trd, 258668.683, 106
Trd, 258668.817, 91
Trd, 258670.133, 95
Trd, 258670.183, 74
Trd, 258670.667, 79
Trd, 258670.983, 116
Trd, 258673.633, 95
Trd, 258673.983, 97
Trd, 258674.017, 99
Trd, 258674.433, 99
Trd, 258674.650, 100
Trd, 258674.683, 103
Trd, 258674.800, 104
Trd, 258675.133, 107
Trd, 258675.350, 102
Trd, 258676.800, 100
Trd, 258677.767, 106
Trd, 258677.983, 108
Trd, 258678.100, 94
Trd, 258678.183, 102
Trd, 258678.500, 89
Trd, 258679.083, 94
Trd, 258679.317, 97
Trd, 258679.933, 84
Trd, 258681.333, 110
Trd, 258681.617, 107
Trd, 258682.233, 94
Trd, 258683.083, 102
Trd, 258683.767, 110
Trd, 258683.833, 117
Trd, 258683.967, 104
Trd, 258684.317, 118
Trd, 258684.450, 88
Trd, 258685.250, 102
Trd, 258686.533, 84
Trd, 258686.650, 98
Trd, 258686.800, 74
Trd, 258687.183, 97
Trd, 258688.150, 85
Trd, 258689.033, 82
Trd, 258689.683, 78
Trd, 258689.817, 83
Trd, 258690.167, 81
Trd, 258690.483, 91
Trd, 258690.817, 98
Trd, 258691.083, 100
Trd, 258691.150, 84
Trd, 258692.167, 87
Trd, 258692.800, 105
Trd, 258693.300, 91
Trd, 258693.350, 111
Trd, 258694.650, 105
Trd, 258696.367, 95
Trd, 258696.417, 94
Trd, 258696.433, 109
Trd, 258696.633, 83
Trd, 258697.367, 112
Trd, 258697.417, 107
Trd, 258698.150, 108
Trd, 258698.167, 84
Trd, 258698.517, 77
Trd, 258698.617, 77
Trd, 258699.150, 107
Trd, 258699.183, 98
Trd, 258699.417, 115
Trd, 258700.167, 97
Trd, 258700.667, 83
Trd, 258700.933, 101
Trd, 258702.067, 80
Trd, 258702.083, 84
Trd, 258702.517, 104
Trd, 258703.000, 98
Trd, 258703.250, 95
Trd, 258703.600, 98
Trd, 258703.967, 104
Trd, 258704.600, 100
Trd, 258705.067, 121
Trd, 258705.500, 115
Trd, 258707.067, 104
Trd, 258707.167, 96
Trd, 258707.500, 106
Trd, 258707.883, 102
Trd, 258708.700, 105
Trd, 258709.133, 106
Trd, 258709.450, 107
Trd, 258710.133, 121
Trd, 258710.550, 114
Trd, 258710.867, 116
Trd, 258710.917, 117
Trd, 258711.200, 94
Trd, 258711.633, 109
Trd, 258712.317, 94
Trd, 258712.400, 81
Trd, 258712.817, 99
Trd, 258713.000, 102
Trd, 258713.117, 86
Trd, 258713.900, 81
Trd, 258713.983, 91
Trd, 258715.083, 84
Trd, 258715.467, 119
Trd, 258715.550, 79
Trd, 258716.067, 80
Trd, 258717.983, 105
Trd, 258718.600, 93
Trd, 258718.700, 91
Trd, 258719.150, 115
Trd, 258719.850, 105
Trd, 258720.383, 89
Trd, 258720.633, 93
Trd, 258720.983, 85
Trd, 258721.517, 91
Trd, 258721.667, 94
Trd, 258721.800, 79
Trd, 258722.233, 99
Trd, 258722.633, 82
Trd, 258723.317, 98
Trd, 258723.783, 110
Trd, 258724.400, 117
Trd, 258725.450, 94
Trd, 258725.567, 106
Trd, 258725.917, 83
Trd, 258726.167, 82
Trd, 258726.467, 111
Trd, 258727.433, 109
Trd, 258727.467, 95
Trd, 258728.167, 89
Trd, 258728.483, 117
Trd, 258728.800, 107
Trd, 258729.833, 93
Trd, 258730.250, 102
Trd, 258731.700, 104
Trd, 258732.433, 100
Trd, 258732.917, 87
Trd, 258733.250, 106
Trd, 258733.617, 107
Trd, 258733.783, 84
Trd, 258734.833, 88
Trd, 258735.500, 78
Trd, 258735.883, 89
Trd, 258736.433, 104
Trd, 258736.783, 100
Trd, 258737.083, 82
Trd, 258737.683, 93
Trd, 258737.717, 96
Trd, 258738.083, 81
Trd, 258739.850, 99
Trd, 258739.917, 95
Trd, 258740.067, 92
Trd, 258740.600, 104
Trd, 258742.100, 112
Trd, 258742.383, 84
Trd, 258742.567, 91
Trd, 258743.167, 88
Trd, 258743.450, 99
Trd, 258743.700, 102
Trd, 258743.733, 104
Trd, 258744.233, 108
Trd, 258744.250, 103
Trd, 258744.417, 93
Trd, 258745.967, 100
Trd, 258748.100, 111
Trd, 258748.517, 115
Trd, 258748.650, 104
Trd, 258749.383, 104
Trd, 258749.500, 120
Trd, 258749.683, 122
Trd, 258750.150, 105
Trd, 258750.300, 102
Trd, 258750.383, 106
Trd, 258751.467, 107
Trd, 258751.700, 116
Trd, 258752.083, 98
Trd, 258752.350, 89
Trd, 258752.683, 91
Trd, 258752.817, 97
Trd, 258756.683, 93
Trd, 258756.850, 99
Trd, 258757.167, 91
Trd, 258757.383, 102
Trd, 258758.017, 105
Trd, 258759.217, 88
Trd, 258759.233, 79
Trd, 258759.550, 88
Trd, 258759.767, 104
Trd, 258759.850, 104
Trd, 258761.183, 106
Trd, 258761.200, 96
Trd, 258761.333, 107
Trd, 258762.300, 95
Trd, 258763.483, 93
Trd, 258764.533, 104
Trd, 258764.567, 105
Trd, 258764.883, 104
Trd, 258764.900, 96
Trd, 258765.267, 84
Trd, 258766.050, 105
Trd, 258766.550, 106
Trd, 258766.867, 83
Trd, 258767.117, 103
Trd, 258767.750, 92
Trd, 258768.100, 83
Trd, 258769.983, 87
Trd, 258770.867, 98
Trd, 258771.317, 103
Trd, 258771.800, 95
Trd, 258772.017, 95
Trd, 258772.833, 87
Trd, 258772.900, 113
Trd, 258772.967, 85
Trd, 258773.150, 126
Trd, 258773.383, 116
Trd, 258773.417, 94
Trd, 258774.900, 99
Trd, 258775.383, 93
Trd, 258775.467, 101
Trd, 258775.617, 106
Trd, 258776.600, 86
Trd, 258776.683, 96
Trd, 258777.050, 108
Trd, 258777.117, 115
Trd, 258777.950, 84
Trd, 258778.150, 115
Trd, 258779.017, 95
Trd, 258779.300, 117
Trd, 258779.550, 83
Trd, 258779.667, 80
Trd, 258780.017, 112
Trd, 258780.700, 101
Trd, 258781.350, 99
Trd, 258781.967, 93
Trd, 258783.017, 100
Trd, 258783.067, 103
Trd, 258783.200, 105
Trd, 258783.650, 86
Trd, 258783.983, 93
Trd, 258784.000, 88
Trd, 258784.417, 96
Trd, 258784.750, 109
Trd, 258785.200, 94
Trd, 258785.733, 110
Trd, 258786.783, 110
Trd, 258788.383, 98
Trd, 258788.417, 94
Trd, 258789.317, 95
Trd, 258789.683, 98
Trd, 258789.933, 86
Trd, 258790.100, 85
Trd, 258790.333, 95
Trd, 258790.483, 104
Trd, 258790.933, 104
Trd, 258791.683, 102
Trd, 258791.767, 121
Trd, 258792.417, 96
Trd, 258793.883, 109
Trd, 258794.133, 104
Trd, 258794.617, 85
Trd, 258794.733, 88
Trd, 258795.050, 80
Trd, 258795.233, 101
Trd, 258797.717, 105
Trd, 258797.833, 93
Trd, 258798.633, 95
Trd, 258799.183, 89
Trd, 258799.667, 103
Trd, 258799.950, 91
Trd, 258800.217, 118
Trd, 258800.517, 111
Trd, 258800.933, 110
Trd, 258801.233, 124
Trd, 258801.517, 97
Trd, 258802.117, 91
Trd, 258802.417, 88
Trd, 258803.167, 100
Trd, 258803.550, 106
Trd, 258803.850, 97
Trd, 258805.300, 98
Trd, 258806.517, 104
Trd, 258806.767, 107
Trd, 258807.417, 97
Trd, 258808.250, 97
Trd, 258808.367, 89
Trd, 258808.867, 102
Trd, 258810.033, 104
Trd, 258810.067, 106
Trd, 258810.583, 101
Trd, 258810.733, 106
Trd, 258811.733, 109
Trd, 258812.100, 98
Trd, 258812.550, 110
Trd, 258813.550, 111
Trd, 258813.750, 108
Trd, 258814.867, 107
Trd, 258815.950, 117
Trd, 258816.183, 122
Trd, 258816.467, 112
Trd, 258817.167, 102
Trd, 258817.267, 94
Trd, 258817.683, 85
Trd, 258818.233, 104
Trd, 258818.250, 107
Trd, 258818.683, 103
Trd, 258819.467, 107
Trd, 258820.867, 99
Trd, 258821.100, 98
Trd, 258821.717, 100
Trd, 258822.233, 98
Trd, 258822.367, 110
Trd, 258822.750, 100
Trd, 258823.350, 89
Trd, 258824.100, 97
Trd, 258824.300, 102
Trd, 258824.733, 82
Trd, 258824.900, 99
Trd, 258825.217, 104
Trd, 258825.417, 103
Trd, 258826.200, 88
Trd, 258826.300, 107
Trd, 258826.783, 99
Trd, 258827.017, 104
Trd, 258827.683, 102
Trd, 258828.683, 95
Trd, 258828.750, 98
Trd, 258829.233, 78
Trd, 258829.600, 81
Trd, 258831.433, 85
Trd, 258831.567, 96
Trd, 258832.183, 107
Trd, 258832.550, 104
Trd, 258833.083, 110
Trd, 258833.317, 113
Trd, 258834.267, 103
Trd, 258834.383, 111
Trd, 258835.350, 104
Trd, 258835.783, 100
Trd, 258835.817, 98
Trd, 258835.883, 94
Trd, 258836.833, 102
Trd, 258838.183, 115
Trd, 258838.667, 83
Trd, 258839.083, 103
Trd, 258839.200, 108
Trd, 258840.717, 105
Trd, 258841.650, 108
Trd, 258841.817, 114
Trd, 258842.000, 104
Trd, 258842.600, 99
Trd, 258843.200, 82
Trd, 258843.483, 87
Trd, 258844.450, 107
Trd, 258845.017, 99
Trd, 258845.117, 98
Trd, 258846.483, 92
Trd, 258846.567, 105
Trd, 258846.750, 106
Trd, 258848.667, 87
Trd, 258849.250, 116
Trd, 258849.383, 104
Trd, 258849.967, 93
Trd, 258850.267, 106
Trd, 258850.867, 95
Trd, 258852.700, 96
Trd, 258852.983, 105
Trd, 258853.350, 105
Trd, 258853.600, 89
Trd, 258853.783, 96
Trd, 258854.017, 113
Trd, 258854.417, 99
Trd, 258854.800, 84
Trd, 258855.400, 86
Trd, 258856.783, 117
Trd, 258857.400, 106
Trd, 258857.833, 124
Trd, 258857.867, 99
Trd, 258858.033, 99
Trd, 258858.450, 94
Trd, 258858.483, 115
Trd, 258859.233, 99
Trd, 258859.467, 88
Trd, 258860.183, 98
Trd, 258860.933, 86
Trd, 258862.450, 96
Trd, 258862.467, 101
Trd, 258862.783, 91
Trd, 258863.433, 102
Trd, 258864.867, 107
Trd, 258865.450, 87
Trd, 258866.200, 98
Trd, 258866.300, 107
Trd, 258867.333, 99
Trd, 258867.533, 94
Trd, 258867.967, 102
Trd, 258868.450, 95
Trd, 258868.700, 108
Trd, 258868.850, 112
Trd, 258869.033, 86
Trd, 258869.450, 83
Trd, 258869.517, 82
Trd, 258869.883, 90
Trd, 258870.000, 83
Trd, 258870.100, 106
Trd, 258872.133, 95
Trd, 258872.600, 99
Trd, 258872.850, 94
Trd, 258874.417, 90
Trd, 258874.850, 91
Trd, 258876.733, 91
Trd, 258877.000, 94
Trd, 258877.050, 98
Trd, 258877.917, 86
Trd, 258878.783, 116
Trd, 258879.033, 80
Trd, 258879.267, 100
Trd, 258879.383, 111
Trd, 258880.083, 102
Trd, 258880.550, 98
Trd, 258881.300, 94
Trd, 258881.567, 118
Trd, 258882.650, 90
Trd, 258882.867, 90
Trd, 258883.350, 108
Trd, 258883.483, 109
Trd, 258883.583, 92
Trd, 258884.883, 106
Trd, 258885.117, 85
Trd, 258885.133, 107
Trd, 258886.067, 115
Trd, 258886.533, 107
Trd, 258887.283, 95
Trd, 258887.767, 97
Trd, 258888.150, 105
Trd, 258889.483, 104
Trd, 258889.500, 105
Trd, 258889.533, 90
Trd, 258890.950, 118
Trd, 258891.417, 110
Trd, 258891.450, 103
Trd, 258891.650, 95
Trd, 258891.950, 95
Trd, 258893.517, 103
Trd, 258893.867, 105
Trd, 258894.900, 108
Trd, 258895.200, 112
Trd, 258895.300, 104
Trd, 258895.950, 116
Trd, 258896.767, 112
Trd, 258896.967, 110
Trd, 258897.400, 90
Trd, 258898.217, 95
Trd, 258898.567, 105
Trd, 258898.617, 94
Trd, 258899.500, 114
Trd, 258899.900, 110
Trd, 258899.950, 94
Trd, 258900.650, 100
Trd, 258900.700, 96
Trd, 258900.933, 90
Trd, 258901.517, 97
Trd, 258902.317, 95
Trd, 258902.483, 110
Trd, 258902.550, 87
Trd, 258903.550, 98
Trd, 258904.117, 83
Trd, 258904.900, 120
Trd, 258905.217, 123
Trd, 258905.500, 104
Trd, 258905.667, 105
Trd, 258905.900, 120
Trd, 258906.833, 107
Trd, 258906.967, 98
Trd, 258907.683, 114
Trd, 258908.633, 111
Trd, 258908.700, 107
Trd, 258908.767, 95
Trd, 258910.317, 107
Trd, 258911.283, 110
Trd, 258911.533, 113
Trd, 258911.850, 101
Trd, 258912.067, 108
Trd, 258912.100, 95
Trd, 258912.717, 104
Trd, 258912.783, 102
Trd, 258913.650, 106
Trd, 258914.300, 97
Trd, 258914.550, 90
Trd, 258915.183, 88
Trd, 258915.817, 109
Trd, 258917.217, 88
Trd, 258917.300, 106
Trd, 258918.500, 84
Trd, 258918.683, 102
Trd, 258918.783, 103
Trd, 258919.200, 105
Trd, 258919.683, 84
Trd, 258919.700, 114
Trd, 258920.550, 76
Trd, 258920.983, 91
Trd, 258922.200, 103
Trd, 258922.517, 105
Trd, 258922.617, 83
Trd, 258923.417, 114
Trd, 258923.883, 86
Trd, 258924.267, 83
Trd, 258924.583, 81
Trd, 258924.850, 79
Trd, 258925.300, 81
Trd, 258926.317, 109
Trd, 258927.400, 85
Trd, 258927.733, 82
Trd, 258928.500, 87
Trd, 258929.017, 100
Trd, 258929.350, 104
Trd, 258929.400, 93
Trd, 258930.000, 101
Trd, 258930.333, 124
Trd, 258930.950, 116
Trd, 258931.000, 111
Trd, 258932.000, 109
Trd, 258933.467, 100
Trd, 258933.733, 107
Trd, 258933.967, 115
Trd, 258934.100, 102
Trd, 258935.267, 112
Trd, 258935.550, 104
Trd, 258935.933, 90
Trd, 258936.300, 101
Trd, 258936.833, 93
Trd, 258936.983, 104
Trd, 258937.683, 106
Trd, 258938.200, 79
Trd, 258938.383, 84
Trd, 258938.917, 133
Trd, 258939.033, 90
Trd, 258940.233, 81
Trd, 258941.467, 106
Trd, 258941.617, 103
Trd, 258941.717, 93
Trd, 258942.383, 109
Trd, 258942.950, 110
Trd, 258943.650, 102
Trd, 258943.850, 105
Trd, 258944.617, 80
Trd, 258945.800, 104
Trd, 258945.883, 102
Trd, 258946.133, 109
Trd, 258947.283, 113
Trd, 258948.400, 78
Trd, 258948.867, 100
Trd, 258949.450, 86
Trd, 258949.833, 84
Trd, 258950.183, 82
Trd, 258950.767, 91
Trd, 258950.917, 86
Trd, 258952.133, 101
Trd, 258952.200, 107
Trd, 258952.317, 92
Trd, 258952.433, 92
Trd, 258953.267, 98
Trd, 258954.850, 99
Trd, 258955.017, 106
Trd, 258956.267, 96
Trd, 258956.717, 108
Trd, 258957.167, 85
Trd, 258957.233, 101
Trd, 258957.300, 104
Trd, 258957.933, 106
Trd, 258958.233, 107
Trd, 258958.317, 100
Trd, 258958.817, 93
Trd, 258960.300, 107
Trd, 258960.450, 107
Trd, 258960.783, 105
Trd, 258963.017, 115
Trd, 258963.083, 104
Trd, 258963.217, 100
Trd, 258963.350, 120
Trd, 258964.683, 104
Trd, 258964.767, 109
Trd, 258965.550, 94
Trd, 258966.483, 106
Trd, 258966.683, 104
Trd, 258966.867, 103
Trd, 258968.167, 86
Trd, 258968.550, 101
Trd, 258969.400, 85
Trd, 258969.967, 91
Trd, 258971.150, 97
Trd, 258971.917, 91
Trd, 258972.400, 100
Trd, 258972.817, 84
Trd, 258973.283, 106
Trd, 258973.850, 102
Trd, 258973.883, 97
Trd, 258973.917, 106
Trd, 258974.600, 90
Trd, 258974.650, 102
Trd, 258974.833, 88
Trd, 258975.233, 81
Trd, 258975.967, 108
Trd, 258977.117, 104
Trd, 258977.367, 101
Trd, 258978.283, 102
Trd, 258978.667, 91
Trd, 258979.000, 98
Trd, 258980.317, 90
Trd, 258980.667, 110
Trd, 258980.767, 103
Trd, 258980.967, 113
Trd, 258982.000, 86
Trd, 258982.717, 105
Trd, 258982.917, 94
Trd, 258983.017, 110
Trd, 258983.900, 98
Trd, 258984.417, 94
Trd, 258984.867, 105
Trd, 258985.783, 108
Trd, 258986.400, 113
Trd, 258986.783, 95
Trd, 258987.067, 106
Trd, 258987.117, 109
Trd, 258987.683, 93
Trd, 258989.167, 90
Trd, 258990.000, 103
Trd, 258990.167, 105
Trd, 258990.383, 96
Trd, 258991.400, 85
Trd, 258991.483, 79
Trd, 258992.383, 89
Trd, 258992.567, 92
Trd, 258992.967, 100
Trd, 258993.000, 106
Trd, 258993.883, 114
Trd, 258994.383, 110
Trd, 258994.400, 114
Trd, 258995.100, 100
Trd, 258996.500, 95
Trd, 258996.517, 101
Trd, 258996.917, 89
Trd, 258997.067, 85
Trd, 258997.350, 97
Trd, 258998.583, 101
Trd, 258998.867, 102
Trd, 258998.950, 109
Trd, 258999.167, 109
Trd, 258999.867, 111
Trd, 259000.050, 110
Trd, 259000.350, 103
Trd, 259002.650, 106
Trd, 259003.150, 109
Trd, 259003.617, 110
Trd, 259004.383, 98
Trd, 259005.033, 98
Trd, 259005.283, 95
Trd, 259005.600, 94
Trd, 259006.450, 104
Trd, 259007.667, 102
Trd, 259007.967, 96
Trd, 259008.333, 115
Trd, 259009.133, 112
Trd, 259009.200, 98
Trd, 259009.767, 91
Trd, 259010.117, 86
Trd, 259010.583, 93
Trd, 259010.617, 96
Trd, 259011.317, 107
Trd, 259011.550, 106
Trd, 259012.167, 106
Trd, 259012.917, 103
Trd, 259013.017, 94
Trd, 259013.100, 88
Trd, 259013.550, 101
Trd, 259013.850, 81
Trd, 259014.550, 84
Trd, 259014.850, 82
Trd, 259015.617, 87
Trd, 259015.750, 90
Trd, 259016.083, 104
Trd, 259017.167, 103
Trd, 259017.617, 114
Trd, 259017.650, 94
Trd, 259018.467, 105
Trd, 259018.767, 92
Trd, 259018.833, 108
Trd, 259019.900, 91
Trd, 259021.133, 105
Trd, 259021.433, 95
Trd, 259022.000, 101
Trd, 259022.583, 99
Trd, 259023.000, 90
Trd, 259023.017, 100
Trd, 259023.983, 102
Trd, 259024.433, 88
Trd, 259025.200, 76
Trd, 259025.650, 103
Trd, 259026.417, 101
Trd, 259026.733, 84
Trd, 259027.383, 103
Trd, 259027.750, 100
Trd, 259028.183, 104
Trd, 259028.367, 101
Trd, 259028.850, 105
Trd, 259029.183, 88
Trd, 259029.233, 106
Trd, 259029.817, 93
Trd, 259030.383, 85
Trd, 259030.567, 95
Trd, 259030.867, 116
Trd, 259031.733, 108
Trd, 259032.233, 119
Trd, 259033.183, 94
Trd, 259033.717, 99
Trd, 259034.833, 101
Trd, 259034.850, 104
Trd, 259034.900, 97
Trd, 259035.733, 97
Trd, 259036.433, 82
Trd, 259036.600, 87
Trd, 259037.850, 102
Trd, 259037.917, 105
Trd, 259038.150, 101
Trd, 259038.917, 94
Trd, 259039.900, 107
Trd, 259040.367, 99
Trd, 259041.700, 96
Trd, 259041.783, 105
Trd, 259042.067, 83
Trd, 259042.333, 88
Trd, 259043.183, 93
Trd, 259043.417, 110
Trd, 259044.267, 89
Trd, 259044.583, 80
Trd, 259044.717, 89
Trd, 259046.000, 106
Trd, 259046.500, 116
Trd, 259047.067, 105
Trd, 259047.167, 96
Trd, 259047.667, 99
Trd, 259048.200, 94
Trd, 259048.667, 106
Trd, 259048.850, 101
Trd, 259049.767, 91
Trd, 259050.300, 104
Trd, 259050.417, 107
Trd, 259050.767, 104
Trd, 259050.933, 106
Trd, 259051.683, 96
Trd, 259051.850, 88
Trd, 259053.033, 83
Trd, 259053.833, 87
Trd, 259054.133, 99
Trd, 259054.233, 102
Trd, 259055.200, 103
Trd, 259056.700, 94
Trd, 259057.533, 94
Trd, 259058.317, 93
Trd, 259058.433, 105
Trd, 259059.283, 94
Trd, 259059.450, 88
Trd, 259060.717, 109
Trd, 259060.750, 108
Trd, 259062.400, 104
Trd, 259063.383, 94
Trd, 259063.817, 104
Trd, 259064.117, 103
Trd, 259065.417, 115
Trd, 259065.467, 97
Trd, 259065.717, 97
Trd, 259065.967, 113
Trd, 259066.367, 88
Trd, 259067.067, 100
Trd, 259067.667, 118
Trd, 259068.033, 92
Trd, 259068.617, 105
Trd, 259069.500, 113
Trd, 259069.817, 122
Trd, 259069.983, 104
Trd, 259071.067, 96
Trd, 259071.383, 104
Trd, 259071.583, 113
Trd, 259072.717, 103
Trd, 259073.117, 93
Trd, 259073.167, 111
Trd, 259073.267, 92
Trd, 259073.517, 115
Trd, 259074.867, 89
Trd, 259075.317, 94
Trd, 259075.800, 100
Trd, 259076.083, 93
Trd, 259076.233, 95
Trd, 259076.833, 107
Trd, 259077.300, 104
Trd, 259077.467, 107
Trd, 259077.883, 102
Trd, 259078.033, 102
Trd, 259079.550, 99
Trd, 259079.567, 102
Trd, 259080.200, 95
Trd, 259080.750, 93
Trd, 259081.350, 103
Trd, 259081.683, 94
Trd, 259082.400, 94
Trd, 259083.100, 105
Trd, 259083.317, 84
Trd, 259083.567, 79
Trd, 259083.883, 108
Trd, 259084.683, 91
Trd, 259085.883, 105
Trd, 259086.617, 104
Trd, 259086.667, 109
Trd, 259087.100, 94
Trd, 259087.167, 124
Trd, 259087.967, 113
Trd, 259088.383, 83
Trd, 259088.400, 83
Trd, 259088.450, 103
Trd, 259088.917, 127
Trd, 259089.200, 88
Trd, 259089.767, 105
Trd, 259090.567, 99
Trd, 259091.000, 94
Trd, 259093.667, 93
Trd, 259094.383, 103
Trd, 259094.567, 106
Trd, 259094.950, 109
Trd, 259095.317, 116
Trd, 259095.400, 109
Trd, 259096.067, 108
Trd, 259096.117, 87
Trd, 259096.733, 108
Trd, 259096.917, 104
Trd, 259097.283, 120
Trd, 259097.517, 99
Trd, 259098.350, 121
Trd, 259099.417, 109
Trd, 259099.700, 111
Trd, 259100.350, 100
Trd, 259100.450, 104
Trd, 259100.950, 98
Trd, 259101.383, 94
Trd, 259102.017, 99
Trd, 259102.533, 107
Trd, 259103.283, 103
Trd, 259103.933, 96
Trd, 259103.950, 99
Trd, 259104.750, 107
Trd, 259105.150, 109
Trd, 259105.550, 93
Trd, 259106.183, 94
Trd, 259106.817, 85
Trd, 259107.417, 100
Trd, 259108.733, 103
Trd, 259108.750, 101
Trd, 259109.833, 89
Trd, 259110.167, 95
Trd, 259110.200, 98
Trd, 259110.400, 107
Trd, 259110.550, 78
Trd, 259110.700, 112
Trd, 259110.850, 104
Trd, 259111.450, 81
Trd, 259111.967, 83
Trd, 259113.033, 101
Trd, 259114.733, 106
Trd, 259115.467, 101
Trd, 259115.733, 101
Trd, 259115.900, 109
Trd, 259116.233, 102
Trd, 259116.917, 89
Trd, 259118.500, 87
Trd, 259118.783, 100
Trd, 259118.900, 89
Trd, 259119.833, 95
Trd, 259120.233, 106
Trd, 259122.167, 90
Trd, 259122.317, 104
Trd, 259122.700, 84
Trd, 259123.533, 88
Trd, 259123.717, 102
Trd, 259124.000, 104
Trd, 259124.367, 93
Trd, 259124.517, 107
Trd, 259125.600, 95
Trd, 259125.883, 95
Trd, 259126.483, 128
Trd, 259126.950, 105
Trd, 259127.467, 94
Trd, 259128.617, 106
Trd, 259129.100, 116
Trd, 259129.567, 79
Trd, 259129.667, 83
Trd, 259130.683, 102
Trd, 259131.300, 103
Trd, 259131.533, 94
Trd, 259131.783, 83
Trd, 259132.217, 92
Trd, 259132.250, 91
Trd, 259132.883, 111
Trd, 259133.017, 104
Trd, 259133.433, 107
Trd, 259134.533, 106
Trd, 259134.833, 102
Trd, 259134.933, 102
Trd, 259135.967, 109
Trd, 259137.250, 109
Trd, 259137.267, 97
Trd, 259137.517, 91
Trd, 259138.583, 85
Trd, 259139.483, 86
Trd, 259139.567, 82
Trd, 259139.667, 93
Trd, 259139.683, 93
Trd, 259140.017, 93
Trd, 259141.083, 82
Trd, 259142.350, 104
Trd, 259142.683, 86
Trd, 259143.000, 104
Trd, 259145.650, 100
Trd, 259145.833, 88
Trd, 259146.050, 88
Trd, 259146.483, 85
Trd, 259146.767, 85
Trd, 259147.233, 98
Trd, 259147.433, 104
Trd, 259147.867, 103
Trd, 259148.183, 101
Trd, 259149.000, 104
Trd, 259149.667, 105
Trd, 259151.067, 85
Trd, 259151.083, 99
Trd, 259152.133, 123
Trd, 259152.267, 114
Trd, 259153.100, 82
Trd, 259153.417, 84
Trd, 259154.300, 108
Trd, 259154.700, 106
Trd, 259154.983, 98
Trd, 259155.483, 121
Trd, 259155.767, 123
Trd, 259156.033, 88
Trd, 259156.517, 87
Trd, 259156.650, 91
Trd, 259157.550, 97
Trd, 259158.267, 109
Trd, 259158.467, 99
Trd, 259160.117, 108
Trd, 259160.150, 97
Trd, 259160.583, 115
Trd, 259160.833, 102
Trd, 259160.867, 101
Trd, 259161.350, 90
Trd, 259161.600, 107
Trd, 259161.700, 98
Trd, 259163.167, 84
Trd, 259163.300, 102
Trd, 259163.333, 107
Trd, 259163.967, 99
Trd, 259164.467, 127
Trd, 259165.433, 94
Trd, 259165.733, 111
Trd, 259166.250, 102
Trd, 259167.167, 104
Trd, 259167.650, 101
Trd, 259168.533, 102
Trd, 259169.267, 108
Trd, 259169.367, 111
Trd, 259169.517, 100
Trd, 259169.917, 91
Trd, 259169.933, 90
Trd, 259169.967, 102
Trd, 259170.300, 109
Trd, 259170.367, 87
Trd, 259170.850, 77
Trd, 259170.967, 79
Trd, 259171.617, 102
Trd, 259172.800, 103
Trd, 259173.517, 103
Trd, 259173.767, 94
Trd, 259174.217, 106
Trd, 259174.750, 109
Trd, 259175.167, 108
Trd, 259175.517, 94
Trd, 259175.667, 78
Trd, 259176.350, 113
Trd, 259177.917, 92
Trd, 259179.367, 79
Trd, 259179.617, 91
Trd, 259179.833, 93
Trd, 259180.733, 94
Trd, 259181.983, 108
Trd, 259182.367, 109
Trd, 259182.767, 103
Trd, 259183.450, 101
Trd, 259183.817, 89
Trd, 259184.033, 102
Trd, 259184.583, 84
Trd, 259185.000, 105
Trd, 259185.333, 79
Trd, 259185.833, 106
Trd, 259185.983, 97
Trd, 259186.067, 108
Trd, 259186.333, 111
Trd, 259186.417, 111
Trd, 259188.200, 103
Trd, 259189.283, 91
Trd, 259189.317, 114
Trd, 259189.600, 89
Trd, 259189.717, 98
Trd, 259190.483, 103
Trd, 259190.950, 115
Trd, 259191.917, 102
Trd, 259192.050, 93
Trd, 259192.667, 92
Trd, 259193.600, 114
Trd, 259193.800, 105
Trd, 259193.850, 94
Trd, 259195.117, 106
Trd, 259195.850, 103
Trd, 259196.367, 107
Trd, 259196.400, 92
Trd, 259197.450, 115
Trd, 259197.650, 129
Trd, 259197.800, 130
Trd, 259199.033, 95
Trd, 259199.450, 94
Trd, 259199.550, 101
Trd, 259199.967, 97
