Trd, 258504.100, 96
Trd, 258504.400, 93
Trd, 258504.983, 102
Trd, 258505.433, 102
Trd, 258505.667, 102
Trd, 258505.767, 102
Trd, 258505.933, 105
Trd, 258506.600, 104
Trd, 258507.167, 105
Trd, 258507.233, 103
Trd, 258507.267, 105
Trd, 258508.167, 101
Trd, 258509.050, 105
Trd, 258509.117, 104
Trd, 258509.750, 106
Trd, 258509.867, 108
Trd, 258510.650, 106
Trd, 258511.333, 106
Trd, 258511.417, 105
Trd, 258512.333, 102
Trd, 258512.417, 101
Trd, 258512.850, 103
Trd, 258513.167, 98
Trd, 258513.350, 103
Trd, 258513.383, 106
Trd, 258513.867, 105
Trd, 258514.517, 106
Trd, 258514.683, 105
Trd, 258514.933, 102
Trd, 258515.117, 101
Trd, 258515.600, 93
Trd, 258516.450, 91
Trd, 258516.533, 91
Trd, 258516.750, 92
Trd, 258517.483, 90
Trd, 258517.750, 103
Trd, 258517.783, 84
Trd, 258519.167, 102
Trd, 258519.767, 100
Trd, 258520.317, 102
Trd, 258520.750, 103
Trd, 258520.867, 104
Trd, 258521.417, 104
Trd, 258521.483, 109
Trd, 258521.633, 102
Trd, 258521.717, 101
Trd, 258522.117, 96
Trd, 258522.717, 110
Trd, 258523.317, 101
Trd, 258523.533, 100
Trd, 258523.733, 98
Trd, 258525.100, 98
Trd, 258525.167, 99
Trd, 258525.450, 100
Trd, 258525.500, 101
Trd, 258526.017, 106
Trd, 258526.433, 100
Trd, 258526.683, 100
Trd, 258527.633, 100
Trd, 258527.850, 99
Trd, 258528.750, 97
Trd, 258529.633, 96
Trd, 258529.967, 96
Trd, 258530.400, 96
Trd, 258530.483, 95
Trd, 258530.500, 97
Trd, 258530.517, 98
Trd, 258530.550, 90
Trd, 258530.783, 103
Trd, 258531.600, 102
Trd, 258531.650, 99
Trd, 258531.667, 103
Trd, 258531.783, 98
Trd, 258532.250, 105
Trd, 258532.550, 104
Trd, 258532.717, 98
Trd, 258533.250, 101
Trd, 258533.717, 99
Trd, 258534.500, 98
Trd, 258534.900, 99
Trd, 258535.083, 105
Trd, 258535.300, 105
Trd, 258535.467, 104
Trd, 258535.633, 99
Trd, 258536.450, 107
Trd, 258537.483, 103
Trd, 258537.600, 106
Trd, 258538.100, 102
Trd, 258538.550, 105
Trd, 258539.400, 106
Trd, 258539.450, 101
Trd, 258540.150, 97
Trd, 258540.267, 96
Trd, 258541.500, 104
Trd, 258541.817, 104
Trd, 258542.633, 101
Trd, 258542.800, 100
Trd, 258542.917, 99
Trd, 258543.150, 100
Trd, 258543.700, 102
Trd, 258544.267, 102
Trd, 258544.900, 101
Trd, 258545.300, 106
Trd, 258547.083, 105
Trd, 258547.117, 104
Trd, 258547.183, 104
Trd, 258547.617, 101
Trd, 258547.917, 105
Trd, 258548.083, 99
Trd, 258548.333, 104
Trd, 258548.383, 105
Trd, 258548.950, 102
Trd, 258549.167, 99
Trd, 258549.650, 104
Trd, 258549.733, 109
Trd, 258550.300, 113
Trd, 258550.517, 113
Trd, 258550.583, 98
Trd, 258551.000, 108
Trd, 258551.083, 95
Trd, 258551.100, 94
Trd, 258552.433, 86
Trd, 258552.617, 87
Trd, 258552.733, 86
Trd, 258553.783, 85
Trd, 258554.067, 87
Trd, 258554.167, 98
Trd, 258554.867, 105
Trd, 258555.583, 106
Trd, 258555.750, 106
Trd, 258556.217, 106
Trd, 258556.283, 102
Trd, 258557.350, 102
Trd, 258557.633, 102
Trd, 258558.100, 101
Trd, 258559.150, 102
Trd, 258559.417, 98
Trd, 258559.450, 102
Trd, 258559.583, 104
Trd, 258560.217, 99
Trd, 258560.483, 97
Trd, 258560.800, 106
Trd, 258561.400, 101
Trd, 258561.900, 102
Trd, 258562.133, 103
Trd, 258562.167, 104
Trd, 258563.817, 104
Trd, 258564.317, 102
Trd, 258564.733, 102
Trd, 258565.783, 99
Trd, 258566.083, 101
Trd, 258566.150, 100
Trd, 258566.667, 100
Trd, 258566.867, 98
Trd, 258567.317, 98
Trd, 258567.683, 98
Trd, 258568.433, 101
Trd, 258568.883, 90
Trd, 258569.150, 106
Trd, 258569.400, 88
Trd, 258569.983, 101
Trd, 258570.183, 103
Trd, 258570.617, 103
Trd, 258571.033, 103
Trd, 258571.317, 103
Trd, 258571.400, 104
Trd, 258571.600, 104
Trd, 258572.233, 102
Trd, 258572.617, 97
Trd, 258573.133, 103
Trd, 258573.633, 95
Trd, 258573.917, 99
Trd, 258575.417, 94
Trd, 258575.833, 96
Trd, 258575.983, 96
Trd, 258576.000, 97
Trd, 258576.300, 96
Trd, 258576.967, 101
Trd, 258577.050, 101
Trd, 258577.733, 102
Trd, 258577.800, 101
Trd, 258577.900, 103
Trd, 258578.633, 101
Trd, 258578.983, 100
Trd, 258580.167, 104
Trd, 258580.267, 103
Trd, 258580.350, 104
Trd, 258580.850, 101
Trd, 258581.617, 100
Trd, 258581.767, 105
Trd, 258581.817, 100
Trd, 258581.917, 98
Trd, 258583.033, 108
Trd, 258583.517, 101
Trd, 258583.633, 108
Trd, 258583.767, 100
Trd, 258583.867, 99
Trd, 258583.933, 99
Trd, 258584.117, 107
Trd, 258584.500, 93
Trd, 258584.683, 108
Trd, 258585.517, 103
Trd, 258586.467, 99
Trd, 258587.067, 100
Trd, 258587.183, 101
Trd, 258587.200, 102
Trd, 258587.517, 100
Trd, 258587.733, 102
Trd, 258588.700, 104
Trd, 258588.817, 101
Trd, 258589.333, 104
Trd, 258589.417, 101
Trd, 258589.800, 100
Trd, 258590.033, 105
Trd, 258590.317, 105
Trd, 258591.617, 96
Trd, 258592.033, 99
Trd, 258592.133, 95
Trd, 258592.217, 105
Trd, 258592.633, 106
Trd, 258592.933, 106
Trd, 258593.083, 106
Trd, 258593.550, 107
Trd, 258593.717, 106
Trd, 258593.767, 105
Trd, 258593.983, 107
Trd, 258594.700, 104
Trd, 258595.550, 101
Trd, 258595.600, 100
Trd, 258596.267, 100
Trd, 258596.767, 106
Trd, 258597.733, 104
Trd, 258598.350, 102
Trd, 258598.650, 104
Trd, 258598.750, 102
Trd, 258599.350, 101
Trd, 258599.583, 102
Trd, 258599.867, 98
Trd, 258600.017, 102
Trd, 258600.917, 92
Trd, 258601.817, 93
Trd, 258602.100, 92
Trd, 258602.367, 93
Trd, 258602.767, 93
Trd, 258602.800, 95
Trd, 258602.833, 109
Trd, 258603.183, 97
Trd, 258604.083, 104
Trd, 258604.367, 98
Trd, 258604.883, 102
Trd, 258605.333, 103
Trd, 258606.050, 104
Trd, 258606.217, 101
Trd, 258606.617, 101
Trd, 258606.700, 100
Trd, 258607.100, 101
Trd, 258607.950, 100
Trd, 258608.300, 103
Trd, 258608.400, 102
Trd, 258609.800, 103
Trd, 258609.833, 102
Trd, 258610.300, 104
Trd, 258610.750, 102
Trd, 258611.150, 101
Trd, 258611.250, 102
Trd, 258611.833, 101
Trd, 258612.117, 108
Trd, 258612.167, 98
Trd, 258613.283, 99
Trd, 258613.400, 97
Trd, 258613.733, 103
Trd, 258615.267, 103
Trd, 258615.467, 103
Trd, 258615.517, 100
Trd, 258616.050, 103
Trd, 258616.267, 101
Trd, 258616.650, 105
Trd, 258617.367, 105
Trd, 258617.417, 105
Trd, 258617.983, 106
Trd, 258618.433, 106
Trd, 258619.683, 106
Trd, 258620.000, 104
Trd, 258620.500, 105
Trd, 258620.750, 105
Trd, 258621.067, 105
Trd, 258621.233, 104
Trd, 258621.483, 104
Trd, 258622.433, 104
Trd, 258622.483, 101
Trd, 258623.033, 96
Trd, 258623.083, 96
Trd, 258623.283, 95
Trd, 258623.500, 91
Trd, 258623.567, 92
Trd, 258623.750, 90
Trd, 258623.900, 103
Trd, 258624.483, 93
Trd, 258625.017, 102
Trd, 258625.333, 106
Trd, 258626.100, 96
Trd, 258626.850, 106
Trd, 258627.233, 105
Trd, 258628.117, 114
Trd, 258629.083, 107
Trd, 258629.167, 104
Trd, 258629.850, 95
Trd, 258630.750, 104
Trd, 258631.267, 102
Trd, 258631.600, 103
Trd, 258632.117, 104
Trd, 258632.350, 104
Trd, 258632.400, 105
Trd, 258632.517, 103
Trd, 258632.750, 107
Trd, 258633.483, 101
Trd, 258634.017, 106
Trd, 258634.117, 104
Trd, 258634.400, 103
Trd, 258635.483, 100
Trd, 258635.517, 104
Trd, 258635.533, 106
Trd, 258635.600, 109
Trd, 258636.500, 104
Trd, 258636.983, 98
Trd, 258637.150, 103
Trd, 258637.417, 97
Trd, 258637.433, 104
Trd, 258637.833, 100
Trd, 258638.117, 98
Trd, 258638.783, 100
Trd, 258639.217, 101
Trd, 258639.917, 103
Trd, 258640.083, 102
Trd, 258640.500, 98
Trd, 258640.550, 97
Trd, 258640.933, 104
Trd, 258642.050, 98
Trd, 258642.583, 104
Trd, 258643.067, 100
Trd, 258643.300, 96
Trd, 258643.883, 99
Trd, 258643.967, 100
Trd, 258644.033, 103
Trd, 258644.567, 101
Trd, 258644.617, 103
Trd, 258645.183, 102
Trd, 258645.850, 103
Trd, 258645.917, 100
Trd, 258646.600, 99
Trd, 258647.017, 99
Trd, 258647.133, 98
Trd, 258647.783, 98
Trd, 258648.233, 98
Trd, 258648.267, 106
Trd, 258648.850, 102
Trd, 258649.017, 98
Trd, 258649.150, 96
Trd, 258649.283, 95
Trd, 258649.533, 108
Trd, 258649.833, 90
Trd, 258650.083, 94
Trd, 258650.850, 102
Trd, 258651.767, 103
Trd, 258652.083, 102
Trd, 258652.250, 101
Trd, 258652.517, 102
Trd, 258653.033, 104
Trd, 258653.483, 89
Trd, 258653.600, 106
Trd, 258654.933, 103
Trd, 258656.067, 91
Trd, 258656.350, 94
Trd, 258656.550, 92
Trd, 258656.883, 92
Trd, 258657.150, 93
Trd, 258657.267, 91
Trd, 258657.350, 95
Trd, 258657.450, 98
Trd, 258657.600, 91
Trd, 258658.333, 97
Trd, 258658.517, 103
Trd, 258659.117, 101
Trd, 258659.517, 103
Trd, 258659.867, 106
Trd, 258660.017, 108
Trd, 258660.100, 109
Trd, 258661.300, 101
Trd, 258661.533, 101
Trd, 258661.583, 100
Trd, 258661.750, 100
Trd, 258661.800, 95
Trd, 258661.883, 94
Trd, 258662.150, 102
Trd, 258663.067, 104
Trd, 258663.417, 104
Trd, 258663.450, 103
Trd, 258664.850, 90
Trd, 258665.183, 90
Trd, 258665.200, 92
Trd, 258665.350, 96
Trd, 258665.883, 77
Trd, 258666.767, 85
Trd, 258666.783, 104
Trd, 258667.283, 85
Trd, 258669.100, 97
Trd, 258669.200, 95
Trd, 258669.583, 94
Trd, 258669.667, 93
Trd, 258669.817, 97
Trd, 258669.983, 98
Trd, 258670.317, 98
Trd, 258670.467, 104
Trd, 258670.917, 101
Trd, 258671.450, 93
Trd, 258671.550, 105
Trd, 258672.200, 105
Trd, 258672.317, 106
Trd, 258673.150, 106
Trd, 258673.400, 106
Trd, 258673.617, 104
Trd, 258674.033, 104
Trd, 258674.417, 103
Trd, 258674.667, 102
Trd, 258675.383, 106
Trd, 258675.433, 105
Trd, 258675.450, 104
Trd, 258675.550, 101
Trd, 258675.667, 107
Trd, 258676.833, 97
Trd, 258677.417, 99
Trd, 258677.850, 105
Trd, 258678.267, 104
Trd, 258679.000, 102
Trd, 258679.050, 100
Trd, 258679.167, 95
Trd, 258679.550, 103
Trd, 258679.750, 104
Trd, 258680.317, 98
Trd, 258680.400, 106
Trd, 258681.017, 102
Trd, 258681.700, 101
Trd, 258681.817, 104
Trd, 258681.850, 100
Trd, 258682.450, 104
Trd, 258683.317, 104
Trd, 258683.450, 104
Trd, 258683.500, 105
Trd, 258683.600, 106
Trd, 258683.617, 103
Trd, 258683.867, 101
Trd, 258684.767, 106
Trd, 258685.200, 104
Trd, 258686.233, 104
Trd, 258687.583, 101
Trd, 258687.700, 101
Trd, 258688.050, 102
Trd, 258688.100, 105
Trd, 258688.217, 102
Trd, 258688.817, 104
Trd, 258688.883, 103
Trd, 258689.333, 104
Trd, 258690.033, 106
Trd, 258690.100, 105
Trd, 258690.317, 98
Trd, 258690.683, 92
Trd, 258691.633, 91
Trd, 258692.217, 92
Trd, 258692.833, 98
Trd, 258692.983, 104
Trd, 258693.183, 105
Trd, 258693.283, 93
Trd, 258693.600, 104
Trd, 258693.933, 105
Trd, 258693.967, 106
Trd, 258693.983, 109
Trd, 258695.733, 101
Trd, 258695.883, 112
Trd, 258696.783, 105
Trd, 258696.817, 104
Trd, 258697.067, 99
Trd, 258697.133, 104
Trd, 258697.783, 102
Trd, 258697.900, 101
Trd, 258698.083, 101
Trd, 258698.467, 101
Trd, 258699.133, 100
Trd, 258699.167, 99
Trd, 258699.467, 98
Trd, 258700.000, 100
Trd, 258701.617, 103
Trd, 258701.950, 103
Trd, 258702.117, 103
Trd, 258702.650, 101
Trd, 258702.733, 101
Trd, 258703.167, 98
Trd, 258703.683, 98
Trd, 258703.850, 98
Trd, 258704.033, 100
Trd, 258704.383, 99
Trd, 258704.483, 96
Trd, 258704.667, 97
Trd, 258704.967, 101
Trd, 258705.433, 104
Trd, 258705.467, 105
Trd, 258705.817, 99
Trd, 258707.250, 106
Trd, 258707.917, 84
Trd, 258708.483, 103
Trd, 258708.717, 105
Trd, 258708.917, 104
Trd, 258709.400, 106
Trd, 258709.500, 106
Trd, 258709.917, 107
Trd, 258710.083, 107
Trd, 258710.467, 109
Trd, 258711.100, 104
Trd, 258711.117, 103
Trd, 258711.767, 104
Trd, 258712.017, 104
Trd, 258712.433, 105
Trd, 258712.933, 104
Trd, 258713.067, 105
Trd, 258714.100, 105
Trd, 258714.800, 101
Trd, 258715.717, 99
Trd, 258715.867, 100
Trd, 258716.067, 95
Trd, 258716.550, 105
Trd, 258716.633, 103
Trd, 258716.700, 99
Trd, 258717.017, 97
Trd, 258717.100, 95
Trd, 258718.100, 93
Trd, 258718.233, 90
Trd, 258718.417, 101
Trd, 258718.933, 92
Trd, 258719.450, 92
Trd, 258720.050, 93
Trd, 258720.167, 95
Trd, 258721.100, 104
Trd, 258721.583, 97
Trd, 258722.250, 98
Trd, 258722.417, 98
Trd, 258722.467, 99
Trd, 258722.650, 99
Trd, 258723.067, 99
Trd, 258723.550, 99
Trd, 258723.750, 98
Trd, 258724.450, 98
Trd, 258724.767, 98
Trd, 258725.150, 98
Trd, 258725.283, 95
Trd, 258725.517, 99
Trd, 258726.083, 97
Trd, 258726.217, 98
Trd, 258726.250, 96
Trd, 258727.633, 103
Trd, 258727.700, 90
Trd, 258727.933, 105
Trd, 258728.450, 106
Trd, 258728.483, 105
Trd, 258729.167, 103
Trd, 258730.000, 105
Trd, 258730.183, 106
Trd, 258730.700, 107
Trd, 258731.267, 104
Trd, 258731.667, 104
Trd, 258731.683, 106
Trd, 258731.733, 107
Trd, 258732.817, 105
Trd, 258733.167, 102
Trd, 258733.633, 101
Trd, 258733.833, 90
Trd, 258734.233, 100
Trd, 258734.450, 87
Trd, 258734.667, 101
Trd, 258735.217, 94
Trd, 258735.850, 103
Trd, 258736.867, 101
Trd, 258736.950, 99
Trd, 258737.250, 101
Trd, 258737.433, 99
Trd, 258737.633, 101
Trd, 258737.667, 98
Trd, 258738.100, 97
Trd, 258738.350, 100
Trd, 258738.933, 96
Trd, 258739.483, 104
Trd, 258739.500, 101
Trd, 258739.550, 105
Trd, 258739.583, 95
Trd, 258740.683, 103
Trd, 258741.683, 104
Trd, 258741.800, 101
Trd, 258741.917, 98
Trd, 258742.167, 105
Trd, 258743.100, 100
Trd, 258743.183, 102
Trd, 258743.583, 100
Trd, 258743.833, 101
Trd, 258745.400, 99
Trd, 258745.517, 98
Trd, 258745.567, 101
Trd, 258746.117, 102
Trd, 258746.383, 96
Trd, 258746.417, 103
Trd, 258746.533, 96
Trd, 258746.583, 95
Trd, 258748.017, 95
Trd, 258748.433, 96
Trd, 258748.500, 100
Trd, 258748.533, 104
Trd, 258749.517, 103
Trd, 258749.917, 104
Trd, 258750.017, 95
Trd, 258750.350, 90
Trd, 258751.267, 93
Trd, 258751.283, 91
Trd, 258751.783, 90
Trd, 258751.900, 91
Trd, 258752.333, 92
Trd, 258752.533, 93
Trd, 258752.850, 105
Trd, 258753.400, 103
Trd, 258753.483, 102
Trd, 258754.133, 106
Trd, 258754.217, 97
Trd, 258754.617, 108
Trd, 258756.000, 104
Trd, 258756.033, 103
Trd, 258756.100, 101
Trd, 258756.283, 99
Trd, 258756.300, 95
Trd, 258756.950, 90
Trd, 258757.117, 98
Trd, 258757.167, 84
Trd, 258757.767, 102
Trd, 258758.183, 76
Trd, 258758.900, 99
Trd, 258759.100, 100
Trd, 258759.700, 97
Trd, 258760.050, 90
Trd, 258760.167, 96
Trd, 258760.867, 86
Trd, 258761.083, 87
Trd, 258761.450, 102
Trd, 258761.517, 103
Trd, 258761.550, 104
Trd, 258762.050, 103
Trd, 258762.650, 101
Trd, 258762.767, 102
Trd, 258763.317, 105
Trd, 258764.017, 106
Trd, 258764.417, 109
Trd, 258765.283, 109
Trd, 258765.383, 105
Trd, 258765.500, 104
Trd, 258765.817, 104
Trd, 258765.900, 99
Trd, 258766.500, 105
Trd, 258766.817, 103
Trd, 258767.483, 106
Trd, 258767.817, 101
Trd, 258767.983, 104
Trd, 258768.950, 102
Trd, 258769.717, 98
Trd, 258770.167, 98
Trd, 258770.483, 96
Trd, 258770.550, 95
Trd, 258770.650, 102
Trd, 258771.317, 94
Trd, 258771.917, 107
Trd, 258772.633, 99
Trd, 258772.667, 101
Trd, 258772.750, 102
Trd, 258773.050, 103
Trd, 258773.983, 103
Trd, 258774.633, 105
Trd, 258774.750, 101
Trd, 258775.433, 106
Trd, 258776.483, 100
Trd, 258776.800, 106
Trd, 258777.067, 99
Trd, 258778.183, 104
Trd, 258778.400, 103
Trd, 258778.967, 104
Trd, 258779.583, 102
Trd, 258779.867, 101
Trd, 258780.233, 100
Trd, 258780.483, 99
Trd, 258780.583, 100
Trd, 258780.750, 102
Trd, 258781.017, 106
Trd, 258781.033, 101
Trd, 258781.167, 108
Trd, 258782.183, 103
Trd, 258782.717, 103
Trd, 258782.883, 105
Trd, 258783.200, 105
Trd, 258783.517, 103
Trd, 258783.750, 108
Trd, 258784.233, 104
Trd, 258784.483, 95
Trd, 258785.617, 106
Trd, 258785.950, 106
Trd, 258786.017, 107
Trd, 258786.267, 106
Trd, 258786.633, 105
Trd, 258786.933, 107
Trd, 258787.233, 101
Trd, 258787.600, 99
Trd, 258787.883, 98
Trd, 258787.950, 95
Trd, 258788.050, 90
Trd, 258788.317, 91
Trd, 258789.200, 97
Trd, 258789.350, 100
Trd, 258790.267, 95
Trd, 258791.083, 92
Trd, 258791.550, 93
Trd, 258791.583, 92
Trd, 258792.050, 96
Trd, 258792.150, 86
Trd, 258792.350, 102
Trd, 258793.017, 105
Trd, 258793.883, 100
Trd, 258794.167, 98
Trd, 258794.333, 98
Trd, 258794.433, 100
Trd, 258794.483, 95
Trd, 258794.800, 101
Trd, 258794.900, 93
Trd, 258795.400, 93
Trd, 258795.700, 91
Trd, 258796.117, 92
Trd, 258796.750, 93
Trd, 258797.267, 102
Trd, 258797.567, 104
Trd, 258798.867, 102
Trd, 258799.017, 107
Trd, 258799.150, 106
Trd, 258799.633, 104
Trd, 258800.017, 103
Trd, 258800.067, 101
Trd, 258800.783, 101
Trd, 258800.983, 95
Trd, 258802.217, 96
Trd, 258802.250, 95
Trd, 258802.383, 92
Trd, 258802.550, 96
Trd, 258802.683, 91
Trd, 258803.017, 99
Trd, 258803.033, 100
Trd, 258804.517, 104
Trd, 258805.000, 101
Trd, 258805.350, 104
Trd, 258805.600, 105
Trd, 258805.833, 102
Trd, 258806.233, 103
Trd, 258806.367, 105
Trd, 258807.083, 104
Trd, 258807.383, 104
Trd, 258808.283, 101
Trd, 258808.883, 98
Trd, 258809.000, 97
Trd, 258809.200, 104
Trd, 258809.267, 106
Trd, 258810.133, 101
Trd, 258811.183, 97
Trd, 258811.933, 97
Trd, 258812.083, 98
Trd, 258812.217, 98
Trd, 258812.550, 97
Trd, 258812.567, 99
Trd, 258813.417, 103
Trd, 258814.100, 99
Trd, 258814.283, 104
Trd, 258814.317, 106
Trd, 258815.150, 105
Trd, 258815.883, 105
Trd, 258816.183, 105
Trd, 258816.533, 105
Trd, 258817.150, 103
Trd, 258817.400, 101
Trd, 258817.983, 102
Trd, 258818.433, 103
Trd, 258819.100, 101
Trd, 258819.517, 103
Trd, 258819.967, 98
Trd, 258819.983, 103
Trd, 258820.100, 102
Trd, 258820.933, 103
Trd, 258821.217, 107
Trd, 258821.317, 107
Trd, 258821.583, 101
Trd, 258821.683, 98
Trd, 258822.300, 105
Trd, 258822.650, 104
Trd, 258823.783, 100
Trd, 258824.050, 97
Trd, 258824.767, 102
Trd, 258825.483, 101
Trd, 258825.600, 102
Trd, 258826.633, 98
Trd, 258826.967, 83
Trd, 258827.633, 87
Trd, 258827.783, 90
Trd, 258828.150, 91
Trd, 258828.367, 93
Trd, 258828.883, 97
Trd, 258829.050, 98
Trd, 258829.383, 104
Trd, 258829.767, 101
Trd, 258830.417, 102
Trd, 258830.467, 103
Trd, 258830.633, 103
Trd, 258831.283, 100
Trd, 258832.017, 104
Trd, 258832.383, 100
Trd, 258832.650, 100
Trd, 258833.183, 99
Trd, 258833.900, 100
Trd, 258833.917, 104
Trd, 258834.283, 100
Trd, 258834.317, 98
Trd, 258834.333, 101
Trd, 258835.167, 101
Trd, 258835.850, 100
Trd, 258835.867, 99
Trd, 258836.100, 101
Trd, 258836.933, 98
Trd, 258837.883, 100
Trd, 258838.617, 101
Trd, 258838.700, 102
Trd, 258839.283, 101
Trd, 258839.683, 101
Trd, 258839.700, 96
Trd, 258840.367, 95
Trd, 258841.100, 90
Trd, 258841.267, 91
Trd, 258841.317, 85
Trd, 258841.500, 93
Trd, 258842.267, 90
Trd, 258842.583, 91
Trd, 258842.750, 93
Trd, 258842.850, 99
Trd, 258843.067, 100
Trd, 258844.100, 103
Trd, 258844.367, 101
Trd, 258844.750, 103
Trd, 258846.000, 105
Trd, 258846.150, 106
Trd, 258846.250, 103
Trd, 258846.467, 98
Trd, 258847.217, 103
Trd, 258847.667, 103
Trd, 258847.683, 109
Trd, 258849.183, 105
Trd, 258849.333, 104
Trd, 258849.800, 103
Trd, 258849.833, 102
Trd, 258850.100, 102
Trd, 258850.133, 103
Trd, 258850.283, 101
Trd, 258850.450, 104
Trd, 258850.483, 105
Trd, 258850.800, 97
Trd, 258850.883, 95
Trd, 258851.883, 106
Trd, 258852.117, 97
Trd, 258854.000, 103
Trd, 258854.300, 103
Trd, 258854.467, 99
Trd, 258854.550, 98
Trd, 258854.600, 97
Trd, 258855.117, 103
Trd, 258855.633, 102
Trd, 258856.250, 101
Trd, 258856.567, 99
Trd, 258857.000, 98
Trd, 258857.150, 97
Trd, 258857.483, 98
Trd, 258857.667, 97
Trd, 258858.867, 98
Trd, 258859.183, 106
Trd, 258859.283, 100
Trd, 258859.400, 98
Trd, 258860.017, 111
Trd, 258861.533, 103
Trd, 258861.583, 104
Trd, 258861.600, 106
Trd, 258861.817, 101
Trd, 258862.250, 101
Trd, 258862.300, 96
Trd, 258863.717, 100
Trd, 258863.900, 99
Trd, 258864.517, 103
Trd, 258865.050, 103
Trd, 258865.617, 104
Trd, 258866.067, 95
Trd, 258866.300, 101
Trd, 258866.750, 98
Trd, 258867.250, 98
Trd, 258867.550, 95
Trd, 258867.767, 100
Trd, 258868.000, 106
Trd, 258868.133, 101
Trd, 258868.333, 101
Trd, 258869.333, 96
Trd, 258869.433, 99
Trd, 258869.933, 98
Trd, 258870.250, 104
Trd, 258870.400, 98
Trd, 258870.567, 95
Trd, 258870.917, 104
Trd, 258871.533, 104
Trd, 258871.650, 100
Trd, 258872.050, 105
Trd, 258873.067, 105
Trd, 258873.717, 106
Trd, 258874.450, 106
Trd, 258874.467, 105
Trd, 258874.950, 107
Trd, 258875.717, 108
Trd, 258876.267, 108
Trd, 258876.483, 107
Trd, 258876.800, 107
Trd, 258877.317, 105
Trd, 258877.767, 103
Trd, 258877.917, 104
Trd, 258878.167, 98
Trd, 258879.617, 99
Trd, 258879.633, 98
Trd, 258879.783, 100
Trd, 258880.017, 99
Trd, 258880.117, 98
Trd, 258880.283, 101
Trd, 258880.317, 106
Trd, 258880.650, 96
Trd, 258882.033, 104
Trd, 258882.283, 103
Trd, 258882.517, 100
Trd, 258883.083, 100
Trd, 258883.800, 101
Trd, 258884.183, 100
Trd, 258884.433, 100
Trd, 258884.483, 98
Trd, 258885.233, 98
Trd, 258885.417, 100
Trd, 258885.817, 100
Trd, 258885.850, 102
Trd, 258886.667, 100
Trd, 258887.583, 99
Trd, 258887.967, 99
Trd, 258887.983, 101
Trd, 258888.450, 105
Trd, 258888.700, 105
Trd, 258888.917, 103
Trd, 258889.350, 99
Trd, 258889.733, 98
Trd, 258889.900, 105
Trd, 258890.367, 103
Trd, 258892.233, 102
Trd, 258892.950, 101
Trd, 258893.017, 103
Trd, 258894.183, 98
Trd, 258894.217, 97
Trd, 258894.450, 103
Trd, 258894.533, 103
Trd, 258894.650, 104
Trd, 258895.500, 105
Trd, 258895.933, 105
Trd, 258896.000, 104
Trd, 258896.283, 106
Trd, 258896.683, 102
Trd, 258897.100, 105
Trd, 258897.400, 102
Trd, 258898.267, 102
Trd, 258898.350, 103
Trd, 258898.483, 106
Trd, 258898.767, 113
Trd, 258899.417, 101
Trd, 258900.350, 99
Trd, 258900.983, 101
Trd, 258901.733, 104
Trd, 258901.800, 104
Trd, 258902.333, 103
Trd, 258902.550, 101
Trd, 258902.867, 103
Trd, 258903.150, 104
Trd, 258903.383, 98
Trd, 258904.133, 100
Trd, 258904.217, 102
Trd, 258904.300, 101
Trd, 258904.700, 87
Trd, 258904.817, 86
Trd, 258905.267, 100
Trd, 258906.333, 97
Trd, 258906.967, 96
Trd, 258907.067, 96
Trd, 258907.217, 95
Trd, 258907.233, 96
Trd, 258907.717, 100
Trd, 258907.967, 98
Trd, 258908.017, 106
Trd, 258908.200, 109
Trd, 258908.950, 104
Trd, 258909.450, 101
Trd, 258909.700, 96
Trd, 258909.917, 84
Trd, 258910.550, 89
Trd, 258910.633, 90
Trd, 258910.950, 106
Trd, 258912.183, 89
Trd, 258912.283, 96
Trd, 258912.800, 95
Trd, 258913.267, 95
Trd, 258913.450, 98
Trd, 258913.567, 106
Trd, 258914.700, 104
Trd, 258914.933, 103
Trd, 258916.100, 104
Trd, 258916.467, 103
Trd, 258916.667, 107
Trd, 258916.767, 103
Trd, 258918.000, 100
Trd, 258918.050, 105
Trd, 258918.100, 106
Trd, 258918.583, 103
Trd, 258918.833, 102
Trd, 258919.167, 101
Trd, 258919.333, 98
Trd, 258920.300, 95
Trd, 258921.100, 89
Trd, 258921.433, 89
Trd, 258921.533, 87
Trd, 258921.567, 90
Trd, 258921.967, 98
Trd, 258922.050, 87
Trd, 258922.133, 101
Trd, 258922.633, 90
Trd, 258924.267, 92
Trd, 258924.600, 104
Trd, 258924.933, 102
Trd, 258925.383, 103
Trd, 258925.717, 103
Trd, 258926.083, 101
Trd, 258926.650, 101
Trd, 258926.867, 93
Trd, 258927.433, 90
Trd, 258929.033, 96
Trd, 258929.100, 98
Trd, 258930.033, 96
Trd, 258930.150, 104
Trd, 258930.517, 104
Trd, 258931.117, 106
Trd, 258931.217, 105
Trd, 258931.350, 101
Trd, 258931.783, 108
Trd, 258932.250, 104
Trd, 258932.367, 103
Trd, 258933.150, 103
Trd, 258933.883, 104
Trd, 258933.983, 104
Trd, 258934.667, 105
Trd, 258934.783, 102
Trd, 258935.267, 105
Trd, 258935.550, 106
Trd, 258935.683, 104
Trd, 258936.067, 98
Trd, 258936.267, 105
Trd, 258936.567, 105
Trd, 258937.550, 106
Trd, 258937.850, 112
Trd, 258937.933, 101
Trd, 258938.400, 107
Trd, 258938.900, 103
Trd, 258939.383, 103
Trd, 258939.400, 101
Trd, 258939.833, 103
Trd, 258940.983, 99
Trd, 258941.967, 102
Trd, 258942.017, 105
Trd, 258942.067, 100
Trd, 258942.250, 100
Trd, 258942.800, 100
Trd, 258943.183, 100
Trd, 258943.300, 98
Trd, 258943.600, 102
Trd, 258943.950, 106
Trd, 258945.600, 104
Trd, 258945.983, 105
Trd, 258946.033, 105
Trd, 258946.183, 108
Trd, 258946.483, 106
Trd, 258946.917, 106
Trd, 258947.100, 103
Trd, 258947.183, 105
Trd, 258947.350, 98
Trd, 258948.650, 98
Trd, 258949.183, 99
Trd, 258950.400, 102
Trd, 258950.700, 107
Trd, 258950.817, 102
Trd, 258951.000, 107
Trd, 258952.100, 106
Trd, 258952.250, 102
Trd, 258952.600, 110
Trd, 258952.617, 102
Trd, 258952.733, 104
Trd, 258953.167, 109
Trd, 258953.300, 102
Trd, 258954.467, 103
Trd, 258954.583, 101
Trd, 258955.267, 104
Trd, 258955.750, 105
Trd, 258956.183, 105
Trd, 258956.700, 103
Trd, 258957.500, 103
Trd, 258958.067, 101
Trd, 258958.317, 100
Trd, 258958.600, 97
Trd, 258958.683, 102
Trd, 258959.550, 104
Trd, 258959.750, 104
Trd, 258960.217, 105
Trd, 258960.817, 99
Trd, 258961.817, 102
Trd, 258961.850, 103
Trd, 258962.333, 102
Trd, 258962.417, 104
Trd, 258962.467, 101
Trd, 258963.817, 107
Trd, 258964.017, 109
Trd, 258964.967, 107
Trd, 258965.067, 107
Trd, 258965.167, 106
Trd, 258965.233, 108
Trd, 258965.350, 102
Trd, 258965.817, 101
Trd, 258967.683, 104
Trd, 258967.933, 103
Trd, 258968.183, 103
Trd, 258968.817, 104
Trd, 258969.283, 103
Trd, 258969.767, 102
Trd, 258969.983, 105
Trd, 258970.817, 104
Trd, 258970.967, 101
Trd, 258971.033, 106
Trd, 258971.417, 98
Trd, 258971.667, 103
Trd, 258972.667, 104
Trd, 258972.783, 100
Trd, 258973.233, 102
Trd, 258973.450, 102
Trd, 258973.550, 98
Trd, 258974.367, 99
Trd, 258974.917, 98
Trd, 258975.267, 101
Trd, 258975.533, 97
Trd, 258975.867, 96
Trd, 258976.117, 105
Trd, 258976.350, 106
Trd, 258976.833, 107
Trd, 258976.950, 104
Trd, 258977.417, 108
Trd, 258977.600, 109
Trd, 258977.950, 112
Trd, 258978.317, 105
Trd, 258980.150, 105
Trd, 258980.467, 105
Trd, 258980.600, 104
Trd, 258980.650, 101
Trd, 258981.467, 106
Trd, 258981.550, 105
Trd, 258983.067, 99
Trd, 258983.300, 98
Trd, 258983.483, 97
Trd, 258983.767, 99
Trd, 258984.633, 96
Trd, 258984.817, 103
Trd, 258986.017, 98
Trd, 258986.317, 96
Trd, 258986.517, 100
Trd, 258986.583, 102
Trd, 258987.300, 97
Trd, 258988.000, 103
Trd, 258988.183, 101
Trd, 258989.317, 102
Trd, 258989.717, 101
Trd, 258989.783, 102
Trd, 258989.917, 106
Trd, 258990.800, 103
Trd, 258991.067, 102
Trd, 258991.400, 106
Trd, 258991.483, 100
Trd, 258991.917, 107
Trd, 258992.550, 108
Trd, 258993.000, 103
Trd, 258994.867, 105
Trd, 258995.067, 105
Trd, 258995.267, 105
Trd, 258995.317, 106
Trd, 258995.467, 104
Trd, 258995.617, 103
Trd, 258995.683, 105
Trd, 258996.067, 106
Trd, 258996.233, 101
Trd, 258996.967, 98
Trd, 258997.050, 97
Trd, 258997.550, 104
Trd, 258998.267, 99
Trd, 258998.433, 98
Trd, 258998.600, 98
Trd, 258998.900, 99
Trd, 258999.317, 99
Trd, 258999.817, 98
Trd, 259000.200, 97
Trd, 259000.217, 99
Trd, 259000.883, 105
Trd, 259001.300, 98
Trd, 259001.367, 95
Trd, 259002.683, 97
Trd, 259003.050, 98
Trd, 259003.300, 89
Trd, 259003.417, 81
Trd, 259003.533, 99
Trd, 259004.100, 100
Trd, 259004.733, 106
Trd, 259004.817, 107
Trd, 259006.100, 99
Trd, 259006.983, 103
Trd, 259007.017, 99
Trd, 259007.283, 104
Trd, 259007.567, 105
Trd, 259007.867, 100
Trd, 259008.483, 100
Trd, 259008.750, 99
Trd, 259009.517, 102
Trd, 259009.883, 103
Trd, 259010.117, 101
Trd, 259010.417, 98
Trd, 259010.583, 104
Trd, 259011.467, 102
Trd, 259011.700, 106
Trd, 259012.367, 101
Trd, 259012.550, 102
Trd, 259012.883, 101
Trd, 259013.183, 99
Trd, 259013.400, 101
Trd, 259014.117, 101
Trd, 259014.317, 100
Trd, 259014.467, 103
Trd, 259014.583, 103
Trd, 259014.633, 100
Trd, 259014.883, 97
Trd, 259015.167, 102
Trd, 259016.633, 105
Trd, 259016.700, 101
Trd, 259018.433, 103
Trd, 259019.833, 104
Trd, 259019.933, 104
Trd, 259020.350, 104
Trd, 259020.500, 102
Trd, 259020.733, 104
Trd, 259020.850, 105
Trd, 259020.883, 103
Trd, 259021.150, 103
Trd, 259021.617, 102
Trd, 259021.850, 96
Trd, 259022.117, 95
Trd, 259023.283, 101
Trd, 259023.383, 100
Trd, 259023.600, 99
Trd, 259024.017, 99
Trd, 259024.200, 99
Trd, 259024.383, 99
Trd, 259024.433, 100
Trd, 259025.367, 123
Trd, 259025.767, 99
Trd, 259026.350, 100
Trd, 259026.517, 97
Trd, 259027.483, 94
Trd, 259027.867, 104
Trd, 259028.833, 100
Trd, 259029.083, 103
Trd, 259029.133, 100
Trd, 259029.633, 102
Trd, 259029.783, 102
Trd, 259030.000, 102
Trd, 259031.533, 106
Trd, 259031.850, 104
Trd, 259032.217, 104
Trd, 259032.583, 105
Trd, 259032.750, 104
Trd, 259032.800, 101
Trd, 259032.900, 98
Trd, 259034.833, 101
Trd, 259034.900, 101
Trd, 259034.917, 100
Trd, 259035.517, 106
Trd, 259035.550, 109
Trd, 259035.983, 107
Trd, 259036.433, 105
Trd, 259036.683, 97
Trd, 259037.017, 114
Trd, 259037.817, 100
Trd, 259038.317, 95
Trd, 259038.950, 104
Trd, 259039.200, 104
Trd, 259039.267, 105
Trd, 259039.333, 106
Trd, 259039.433, 103
Trd, 259039.817, 103
Trd, 259040.117, 102
Trd, 259040.250, 101
Trd, 259040.900, 101
Trd, 259041.233, 102
Trd, 259041.583, 106
Trd, 259041.900, 104
Trd, 259042.717, 104
Trd, 259043.267, 102
Trd, 259043.583, 101
Trd, 259043.867, 104
Trd, 259044.000, 99
Trd, 259044.433, 99
Trd, 259044.817, 99
Trd, 259044.850, 100
Trd, 259045.783, 100
Trd, 259045.917, 98
Trd, 259046.133, 97
Trd, 259046.833, 105
Trd, 259046.917, 95
Trd, 259047.267, 87
Trd, 259048.167, 103
Trd, 259049.067, 100
Trd, 259049.200, 99
Trd, 259049.883, 103
Trd, 259050.133, 100
Trd, 259050.250, 99
Trd, 259050.567, 101
Trd, 259051.300, 99
Trd, 259051.483, 100
Trd, 259052.033, 100
Trd, 259052.867, 100
Trd, 259052.967, 102
Trd, 259053.050, 105
Trd, 259053.333, 105
Trd, 259053.400, 99
Trd, 259053.883, 103
Trd, 259054.450, 100
Trd, 259054.917, 104
Trd, 259056.067, 104
Trd, 259056.283, 102
Trd, 259056.567, 103
Trd, 259056.733, 99
Trd, 259056.800, 104
Trd, 259057.267, 104
Trd, 259057.433, 99
Trd, 259057.467, 98
Trd, 259057.650, 104
Trd, 259058.450, 95
Trd, 259059.200, 98
Trd, 259059.500, 101
Trd, 259059.917, 101
Trd, 259060.383, 102
Trd, 259061.967, 103
Trd, 259062.150, 104
Trd, 259062.283, 104
Trd, 259062.633, 104
Trd, 259063.017, 102
Trd, 259063.233, 102
Trd, 259063.450, 102
Trd, 259063.900, 103
Trd, 259064.933, 106
Trd, 259065.133, 110
Trd, 259066.017, 102
Trd, 259066.383, 103
Trd, 259066.650, 101
Trd, 259067.317, 102
Trd, 259067.567, 98
Trd, 259068.767, 94
Trd, 259068.833, 100
Trd, 259069.317, 99
Trd, 259069.383, 92
Trd, 259069.567, 100
Trd, 259069.867, 97
Trd, 259070.067, 98
Trd, 259070.733, 101
Trd, 259070.967, 99
Trd, 259071.433, 105
Trd, 259071.700, 106
Trd, 259071.817, 104
Trd, 259072.400, 107
Trd, 259072.600, 106
Trd, 259072.867, 105
Trd, 259073.117, 114
Trd, 259073.400, 101
Trd, 259075.467, 104
Trd, 259075.800, 102
Trd, 259076.250, 101
Trd, 259076.567, 98
Trd, 259076.800, 99
Trd, 259077.250, 99
Trd, 259077.350, 100
Trd, 259077.383, 102
Trd, 259077.400, 97
Trd, 259077.533, 95
Trd, 259077.650, 90
Trd, 259078.467, 102
Trd, 259078.667, 102
Trd, 259079.467, 106
Trd, 259080.050, 107
Trd, 259080.633, 106
Trd, 259080.850, 104
Trd, 259081.100, 105
Trd, 259081.867, 99
Trd, 259082.567, 101
Trd, 259083.333, 99
Trd, 259083.900, 98
Trd, 259084.150, 99
Trd, 259084.950, 97
Trd, 259085.067, 98
Trd, 259085.517, 98
Trd, 259085.633, 98
Trd, 259085.867, 95
Trd, 259086.217, 91
Trd, 259086.733, 98
Trd, 259086.833, 97
Trd, 259087.917, 101
Trd, 259088.283, 102
Trd, 259089.633, 104
Trd, 259089.817, 104
Trd, 259089.833, 105
Trd, 259089.883, 106
Trd, 259091.383, 105
Trd, 259091.800, 105
Trd, 259091.883, 104
Trd, 259091.917, 106
Trd, 259091.933, 103
Trd, 259092.000, 107
Trd, 259092.083, 101
Trd, 259092.750, 101
Trd, 259093.550, 104
Trd, 259094.150, 103
Trd, 259094.867, 102
Trd, 259095.083, 101
Trd, 259095.300, 95
Trd, 259095.517, 102
Trd, 259096.050, 103
Trd, 259097.000, 104
Trd, 259097.550, 93
Trd, 259098.200, 106
Trd, 259098.250, 102
Trd, 259098.417, 101
Trd, 259099.083, 105
Trd, 259099.200, 94
Trd, 259100.017, 104
Trd, 259100.800, 101
Trd, 259100.817, 99
Trd, 259101.250, 99
Trd, 259101.467, 98
Trd, 259101.900, 95
Trd, 259102.467, 97
Trd, 259102.517, 98
Trd, 259103.150, 98
Trd, 259104.200, 103
Trd, 259104.283, 109
Trd, 259104.567, 107
Trd, 259104.783, 105
Trd, 259104.817, 102
Trd, 259105.050, 108
Trd, 259105.217, 106
Trd, 259105.850, 102
Trd, 259106.367, 99
Trd, 259106.700, 98
Trd, 259106.967, 105
Trd, 259107.683, 101
Trd, 259107.700, 103
Trd, 259108.017, 106
Trd, 259109.783, 104
Trd, 259109.967, 104
Trd, 259110.117, 103
Trd, 259110.283, 104
Trd, 259110.833, 101
Trd, 259111.117, 102
Trd, 259111.500, 103
Trd, 259111.783, 101
Trd, 259112.017, 104
Trd, 259112.233, 95
Trd, 259112.433, 106
Trd, 259112.967, 105
Trd, 259113.633, 105
Trd, 259113.783, 106
Trd, 259113.900, 104
Trd, 259114.367, 104
Trd, 259114.817, 104
Trd, 259115.100, 109
Trd, 259115.617, 104
Trd, 259116.383, 104
Trd, 259116.583, 101
Trd, 259117.050, 99
Trd, 259117.167, 98
Trd, 259117.733, 103
Trd, 259117.817, 103
Trd, 259118.150, 98
Trd, 259120.033, 97
Trd, 259120.333, 98
Trd, 259120.467, 99
Trd, 259120.717, 98
Trd, 259121.517, 93
Trd, 259121.750, 92
Trd, 259121.967, 98
Trd, 259122.117, 97
Trd, 259122.267, 99
Trd, 259122.767, 95
Trd, 259123.050, 92
Trd, 259123.383, 98
Trd, 259123.467, 91
Trd, 259124.100, 98
Trd, 259124.950, 99
Trd, 259124.967, 96
Trd, 259125.317, 104
Trd, 259125.383, 98
Trd, 259125.800, 96
Trd, 259126.383, 100
Trd, 259126.783, 100
Trd, 259126.817, 98
Trd, 259127.450, 104
Trd, 259127.900, 99
Trd, 259128.433, 102
Trd, 259128.933, 100
Trd, 259129.017, 99
Trd, 259129.233, 98
Trd, 259129.650, 100
Trd, 259130.850, 101
Trd, 259130.867, 106
Trd, 259132.317, 103
Trd, 259132.800, 102
Trd, 259132.933, 98
Trd, 259132.967, 98
Trd, 259133.067, 95
Trd, 259133.500, 101
Trd, 259133.600, 102
Trd, 259134.133, 94
Trd, 259134.850, 105
Trd, 259135.167, 106
Trd, 259135.967, 105
Trd, 259136.117, 101
Trd, 259136.500, 104
Trd, 259136.633, 100
Trd, 259137.633, 103
Trd, 259137.717, 109
Trd, 259137.983, 103
Trd, 259138.333, 110
Trd, 259138.750, 100
Trd, 259139.200, 97
Trd, 259139.300, 112
Trd, 259139.833, 103
Trd, 259140.783, 100
Trd, 259141.117, 98
Trd, 259141.183, 102
Trd, 259142.017, 103
Trd, 259142.783, 104
Trd, 259143.050, 99
Trd, 259143.900, 102
Trd, 259144.167, 102
Trd, 259144.600, 103
Trd, 259144.833, 102
Trd, 259144.850, 98
Trd, 259144.983, 104
Trd, 259146.300, 101
Trd, 259146.350, 100
Trd, 259146.900, 97
Trd, 259147.200, 98
Trd, 259147.550, 100
Trd, 259147.717, 101
Trd, 259148.300, 102
Trd, 259148.617, 101
Trd, 259149.083, 106
Trd, 259149.100, 106
Trd, 259150.300, 116
Trd, 259150.683, 104
Trd, 259150.750, 106
Trd, 259150.833, 100
Trd, 259150.917, 99
Trd, 259152.083, 104
Trd, 259153.100, 105
Trd, 259153.533, 106
Trd, 259153.833, 104
Trd, 259154.150, 102
Trd, 259154.800, 105
Trd, 259154.833, 107
Trd, 259155.117, 107
Trd, 259155.850, 106
Trd, 259155.950, 103
Trd, 259156.150, 103
Trd, 259156.850, 101
Trd, 259157.333, 104
Trd, 259157.467, 100
Trd, 259157.533, 105
Trd, 259158.117, 107
Trd, 259158.350, 106
Trd, 259159.317, 104
Trd, 259159.683, 103
Trd, 259160.033, 102
Trd, 259160.150, 101
Trd, 259160.700, 102
Trd, 259162.133, 96
Trd, 259162.417, 97
Trd, 259162.450, 96
Trd, 259162.583, 97
Trd, 259162.667, 98
Trd, 259163.067, 98
Trd, 259164.517, 101
Trd, 259164.867, 101
Trd, 259165.383, 100
Trd, 259165.767, 99
Trd, 259165.800, 98
Trd, 259166.000, 101
Trd, 259166.267, 102
Trd, 259166.933, 105
Trd, 259167.883, 102
Trd, 259168.000, 101
Trd, 259168.233, 101
Trd, 259168.933, 102
Trd, 259169.300, 105
Trd, 259170.117, 98
Trd, 259170.533, 99
Trd, 259170.767, 101
Trd, 259171.067, 102
Trd, 259171.650, 102
Trd, 259171.917, 101
Trd, 259172.100, 100
Trd, 259172.217, 96
Trd, 259172.650, 95
Trd, 259173.167, 102
Trd, 259173.400, 102
Trd, 259173.450, 104
Trd, 259173.867, 104
Trd, 259174.150, 103
Trd, 259174.183, 102
Trd, 259174.267, 101
Trd, 259174.500, 103
Trd, 259174.517, 92
Trd, 259174.733, 90
Trd, 259175.100, 105
Trd, 259176.767, 106
Trd, 259177.017, 107
Trd, 259177.450, 99
Trd, 259177.833, 99
Trd, 259178.667, 103
Trd, 259178.767, 102
Trd, 259179.067, 103
Trd, 259180.017, 105
Trd, 259180.417, 100
Trd, 259180.933, 100
Trd, 259181.083, 104
Trd, 259181.450, 106
Trd, 259181.833, 105
Trd, 259182.433, 106
Trd, 259182.483, 104
Trd, 259182.500, 103
Trd, 259183.083, 101
Trd, 259183.767, 103
Trd, 259183.833, 101
Trd, 259185.000, 101
Trd, 259185.167, 100
Trd, 259186.183, 97
Trd, 259186.217, 98
Trd, 259186.550, 97
Trd, 259186.967, 98
Trd, 259187.200, 98
Trd, 259187.300, 97
Trd, 259187.783, 106
Trd, 259187.800, 106
Trd, 259187.933, 109
Trd, 259188.100, 105
Trd, 259189.533, 101
Trd, 259190.033, 102
Trd, 259190.117, 103
Trd, 259190.383, 105
Trd, 259190.567, 104
Trd, 259190.917, 102
Trd, 259191.350, 104
Trd, 259191.517, 105
Trd, 259191.600, 104
Trd, 259191.617, 102
Trd, 259192.150, 104
Trd, 259192.583, 104
Trd, 259192.967, 98
Trd, 259193.267, 97
Trd, 259194.017, 100
Trd, 259194.683, 102
Trd, 259194.950, 101
Trd, 259195.500, 102
Trd, 259195.967, 102
Trd, 259196.450, 105
Trd, 259196.950, 103
Trd, 259197.817, 104
Trd, 259199.017, 103
Trd, 259199.583, 102
Trd, 259199.783, 104
