Trd, 258524.983, 88
Trd, 258525.317, 89
Trd, 258525.717, 89
Trd, 258525.800, 88
Trd, 258525.983, 87
Trd, 258526.483, 103
Trd, 258526.717, 90
Trd, 258526.917, 99
Trd, 258527.400, 103
Trd, 258527.983, 104
Trd, 258528.000, 106
Trd, 258529.100, 112
Trd, 258529.283, 102
Trd, 258529.383, 101
Trd, 258529.483, 113
Trd, 258529.633, 93
Trd, 258530.250, 102
Trd, 258530.317, 99
Trd, 258530.750, 112
Trd, 258531.250, 95
Trd, 258531.367, 94
Trd, 258531.650, 94
Trd, 258531.767, 98
Trd, 258531.800, 90
Trd, 258531.900, 84
Trd, 258532.117, 83
Trd, 258532.283, 90
Trd, 258532.350, 91
Trd, 258533.617, 102
Trd, 258533.883, 95
Trd, 258534.450, 88
Trd, 258534.517, 90
Trd, 258534.933, 92
Trd, 258535.033, 93
Trd, 258535.200, 90
Trd, 258535.333, 87
Trd, 258535.400, 82
Trd, 258535.733, 99
Trd, 258535.900, 100
Trd, 258537.083, 99
Trd, 258537.133, 96
Trd, 258537.333, 95
Trd, 258537.600, 101
Trd, 258537.900, 89
Trd, 258537.967, 106
Trd, 258538.417, 113
Trd, 258538.850, 111
Trd, 258539.617, 99
Trd, 258539.633, 100
Trd, 258540.033, 98
Trd, 258540.583, 91
Trd, 258540.667, 104
Trd, 258541.500, 109
Trd, 258541.567, 95
Trd, 258541.950, 102
Trd, 258542.067, 103
Trd, 258542.083, 111
Trd, 258542.100, 112
Trd, 258542.867, 111
Trd, 258543.867, 104
Trd, 258544.000, 102
Trd, 258544.417, 91
Trd, 258544.867, 93
Trd, 258544.883, 90
Trd, 258545.017, 94
Trd, 258545.667, 95
Trd, 258545.783, 90
Trd, 258545.983, 91
Trd, 258546.017, 90
Trd, 258546.233, 87
Trd, 258546.500, 84
Trd, 258546.683, 91
Trd, 258547.017, 99
Trd, 258547.050, 98
Trd, 258547.883, 105
Trd, 258548.900, 103
Trd, 258549.033, 94
Trd, 258549.567, 93
Trd, 258550.033, 89
Trd, 258550.067, 87
Trd, 258550.167, 98
Trd, 258550.250, 84
Trd, 258550.850, 86
Trd, 258551.017, 88
Trd, 258551.233, 84
Trd, 258552.100, 86
Trd, 258552.167, 102
Trd, 258552.683, 86
Trd, 258552.900, 103
Trd, 258552.917, 102
Trd, 258552.950, 104
Trd, 258553.667, 109
Trd, 258554.717, 105
Trd, 258554.967, 106
Trd, 258555.250, 113
Trd, 258556.433, 105
Trd, 258556.700, 102
Trd, 258557.017, 105
Trd, 258557.250, 93
Trd, 258557.650, 92
Trd, 258557.833, 102
Trd, 258557.950, 87
Trd, 258557.967, 84
Trd, 258559.333, 103
Trd, 258559.483, 102
Trd, 258559.817, 101
Trd, 258560.117, 101
Trd, 258560.133, 104
Trd, 258560.317, 112
Trd, 258560.400, 114
Trd, 258560.633, 101
Trd, 258560.917, 90
Trd, 258561.383, 111
Trd, 258561.417, 109
Trd, 258561.450, 96
Trd, 258561.500, 89
Trd, 258561.700, 87
Trd, 258561.767, 111
Trd, 258561.917, 93
Trd, 258562.450, 85
Trd, 258562.683, 85
Trd, 258563.067, 108
Trd, 258563.583, 87
Trd, 258565.067, 108
Trd, 258565.250, 94
Trd, 258565.300, 91
Trd, 258566.283, 90
Trd, 258566.350, 98
Trd, 258566.367, 90
Trd, 258566.767, 96
Trd, 258567.017, 88
Trd, 258567.283, 89
Trd, 258567.300, 91
Trd, 258568.033, 97
Trd, 258568.800, 97
Trd, 258568.850, 94
Trd, 258569.367, 87
Trd, 258569.400, 82
Trd, 258569.867, 107
Trd, 258570.600, 90
Trd, 258570.767, 91
Trd, 258570.867, 107
Trd, 258571.183, 89
Trd, 258571.483, 106
Trd, 258571.833, 103
Trd, 258571.883, 99
Trd, 258572.183, 89
Trd, 258572.233, 106
Trd, 258572.750, 90
Trd, 258572.883, 93
Trd, 258572.983, 102
Trd, 258573.717, 103
Trd, 258574.083, 91
Trd, 258574.217, 99
Trd, 258574.300, 100
Trd, 258574.783, 96
Trd, 258575.317, 96
Trd, 258575.550, 96
Trd, 258575.967, 97
Trd, 258576.367, 95
Trd, 258576.550, 91
Trd, 258577.183, 93
Trd, 258577.933, 99
Trd, 258578.300, 90
Trd, 258578.733, 89
Trd, 258578.800, 100
Trd, 258579.500, 102
Trd, 258580.467, 97
Trd, 258580.933, 95
Trd, 258580.967, 100
Trd, 258581.450, 98
Trd, 258581.550, 96
Trd, 258581.750, 95
Trd, 258582.050, 92
Trd, 258582.317, 94
Trd, 258582.350, 100
Trd, 258582.700, 93
Trd, 258582.917, 91
Trd, 258583.117, 90
Trd, 258583.300, 92
Trd, 258584.000, 88
Trd, 258584.900, 83
Trd, 258585.400, 87
Trd, 258585.450, 84
Trd, 258585.883, 88
Trd, 258585.900, 90
Trd, 258586.650, 89
Trd, 258586.800, 92
Trd, 258587.400, 95
Trd, 258587.700, 93
Trd, 258587.817, 92
Trd, 258588.167, 92
Trd, 258588.850, 99
Trd, 258589.150, 102
Trd, 258589.233, 103
Trd, 258589.350, 98
Trd, 258589.433, 90
Trd, 258589.650, 103
Trd, 258590.000, 87
Trd, 258591.000, 95
Trd, 258591.250, 91
Trd, 258592.567, 96
Trd, 258592.700, 95
Trd, 258592.733, 98
Trd, 258592.850, 104
Trd, 258593.350, 109
Trd, 258593.567, 108
Trd, 258593.650, 110
Trd, 258594.700, 101
Trd, 258595.133, 100
Trd, 258595.450, 93
Trd, 258595.633, 107
Trd, 258595.917, 100
Trd, 258595.967, 109
Trd, 258596.200, 91
Trd, 258596.300, 90
Trd, 258596.800, 100
Trd, 258597.017, 104
Trd, 258597.433, 88
Trd, 258597.867, 87
Trd, 258598.433, 87
Trd, 258599.050, 87
Trd, 258599.483, 87
Trd, 258599.533, 86
Trd, 258600.133, 88
Trd, 258600.600, 90
Trd, 258600.717, 88
Trd, 258600.783, 93
Trd, 258601.017, 85
Trd, 258601.033, 93
Trd, 258601.383, 95
Trd, 258602.283, 89
Trd, 258602.633, 96
Trd, 258602.667, 97
Trd, 258603.067, 98
Trd, 258603.650, 87
Trd, 258603.917, 85
Trd, 258604.167, 103
Trd, 258604.683, 85
Trd, 258605.333, 87
Trd, 258605.633, 103
Trd, 258605.683, 104
Trd, 258605.767, 85
Trd, 258605.800, 89
Trd, 258605.983, 84
Trd, 258606.567, 95
Trd, 258607.067, 82
Trd, 258607.217, 91
Trd, 258607.533, 84
Trd, 258607.750, 99
Trd, 258608.467, 89
Trd, 258609.133, 91
Trd, 258609.367, 94
Trd, 258609.517, 92
Trd, 258609.650, 90
Trd, 258610.450, 94
Trd, 258610.467, 95
Trd, 258610.817, 96
Trd, 258611.150, 99
Trd, 258611.983, 94
Trd, 258612.033, 93
Trd, 258612.067, 102
Trd, 258612.133, 93
Trd, 258612.233, 102
Trd, 258613.317, 99
Trd, 258613.383, 103
Trd, 258613.817, 91
Trd, 258614.117, 98
Trd, 258614.450, 93
Trd, 258614.550, 89
Trd, 258614.833, 98
Trd, 258615.383, 98
Trd, 258615.583, 104
Trd, 258615.700, 92
Trd, 258615.733, 106
Trd, 258616.483, 91
Trd, 258616.833, 91
Trd, 258616.950, 87
Trd, 258617.383, 83
Trd, 258617.667, 94
Trd, 258618.417, 98
Trd, 258618.533, 99
Trd, 258619.283, 109
Trd, 258619.333, 96
Trd, 258619.383, 109
Trd, 258619.633, 95
Trd, 258620.417, 94
Trd, 258620.667, 99
Trd, 258620.850, 93
Trd, 258622.100, 91
Trd, 258622.717, 90
Trd, 258623.083, 91
Trd, 258623.117, 95
Trd, 258623.517, 89
Trd, 258623.700, 87
Trd, 258624.383, 84
Trd, 258624.467, 91
Trd, 258624.600, 82
Trd, 258625.133, 93
Trd, 258625.317, 82
Trd, 258625.483, 84
Trd, 258625.617, 92
Trd, 258626.167, 95
Trd, 258626.233, 95
Trd, 258626.483, 86
Trd, 258626.533, 101
Trd, 258627.383, 94
Trd, 258627.950, 94
Trd, 258628.833, 93
Trd, 258629.150, 104
Trd, 258630.183, 91
Trd, 258630.667, 87
Trd, 258630.883, 93
Trd, 258631.767, 89
Trd, 258631.883, 90
Trd, 258632.050, 84
Trd, 258632.183, 95
Trd, 258632.450, 95
Trd, 258632.617, 97
Trd, 258632.733, 85
Trd, 258632.833, 105
Trd, 258633.450, 96
Trd, 258633.550, 103
Trd, 258634.067, 111
Trd, 258634.517, 108
Trd, 258634.883, 96
Trd, 258635.533, 96
Trd, 258635.950, 93
Trd, 258636.067, 88
Trd, 258636.217, 89
Trd, 258636.617, 106
Trd, 258636.750, 105
Trd, 258636.900, 91
Trd, 258637.733, 96
Trd, 258638.300, 94
Trd, 258638.583, 93
Trd, 258638.617, 92
Trd, 258638.900, 91
Trd, 258639.217, 98
Trd, 258640.133, 90
Trd, 258640.750, 86
Trd, 258640.883, 96
Trd, 258641.083, 85
Trd, 258641.417, 84
Trd, 258641.667, 95
Trd, 258641.717, 87
Trd, 258641.767, 99
Trd, 258642.167, 102
Trd, 258642.567, 98
Trd, 258643.167, 99
Trd, 258643.333, 97
Trd, 258643.350, 100
Trd, 258643.750, 96
Trd, 258644.117, 96
Trd, 258644.167, 104
Trd, 258644.383, 95
Trd, 258644.567, 98
Trd, 258645.017, 98
Trd, 258645.350, 92
Trd, 258646.017, 87
Trd, 258646.567, 89
Trd, 258647.533, 93
Trd, 258647.767, 91
Trd, 258648.133, 89
Trd, 258648.567, 85
Trd, 258648.767, 84
Trd, 258649.067, 86
Trd, 258649.200, 85
Trd, 258649.433, 95
Trd, 258649.500, 96
Trd, 258651.483, 93
Trd, 258651.583, 94
Trd, 258651.883, 101
Trd, 258651.917, 101
Trd, 258652.167, 95
Trd, 258652.500, 90
Trd, 258653.000, 95
Trd, 258653.450, 107
Trd, 258653.633, 99
Trd, 258654.917, 95
Trd, 258654.967, 99
Trd, 258655.150, 91
Trd, 258655.317, 88
Trd, 258655.517, 100
Trd, 258656.183, 94
Trd, 258656.250, 103
Trd, 258656.267, 91
Trd, 258656.517, 104
Trd, 258657.033, 90
Trd, 258657.500, 101
Trd, 258657.650, 92
Trd, 258657.783, 92
Trd, 258658.033, 113
Trd, 258658.217, 102
Trd, 258658.283, 93
Trd, 258658.717, 91
Trd, 258658.967, 94
Trd, 258659.017, 90
Trd, 258659.183, 95
Trd, 258659.767, 105
Trd, 258660.733, 98
Trd, 258661.533, 97
Trd, 258661.683, 100
Trd, 258662.250, 96
Trd, 258662.850, 95
Trd, 258663.067, 93
Trd, 258663.417, 86
Trd, 258663.983, 87
Trd, 258664.100, 94
Trd, 258664.217, 85
Trd, 258664.500, 95
Trd, 258664.933, 82
Trd, 258665.233, 99
Trd, 258665.400, 81
Trd, 258665.450, 104
Trd, 258665.767, 106
Trd, 258665.917, 93
Trd, 258666.067, 109
Trd, 258666.083, 92
Trd, 258666.483, 93
Trd, 258666.517, 94
Trd, 258666.833, 92
Trd, 258667.283, 92
Trd, 258667.400, 90
Trd, 258667.917, 90
Trd, 258669.200, 103
Trd, 258669.450, 87
Trd, 258669.750, 85
Trd, 258670.083, 87
Trd, 258670.433, 94
Trd, 258670.900, 96
Trd, 258671.083, 104
Trd, 258671.317, 105
Trd, 258671.450, 110
Trd, 258671.467, 98
Trd, 258672.117, 93
Trd, 258673.067, 97
Trd, 258673.233, 100
Trd, 258674.317, 91
Trd, 258674.750, 103
Trd, 258674.933, 90
Trd, 258675.017, 90
Trd, 258675.150, 88
Trd, 258675.650, 89
Trd, 258675.783, 88
Trd, 258676.250, 96
Trd, 258676.733, 95
Trd, 258677.150, 96
Trd, 258677.283, 92
Trd, 258677.467, 83
Trd, 258677.733, 99
Trd, 258677.817, 87
Trd, 258678.417, 86
Trd, 258678.967, 84
Trd, 258679.350, 89
Trd, 258679.483, 91
Trd, 258680.400, 87
Trd, 258680.483, 92
Trd, 258681.317, 90
Trd, 258681.883, 89
Trd, 258682.117, 88
Trd, 258682.133, 94
Trd, 258682.767, 97
Trd, 258682.933, 98
Trd, 258682.967, 104
Trd, 258683.300, 106
Trd, 258683.633, 111
Trd, 258683.783, 109
Trd, 258683.817, 96
Trd, 258683.917, 112
Trd, 258684.250, 95
Trd, 258684.300, 112
Trd, 258684.333, 94
Trd, 258685.600, 95
Trd, 258685.933, 93
Trd, 258686.233, 90
Trd, 258686.250, 89
Trd, 258687.267, 90
Trd, 258687.617, 102
Trd, 258688.217, 85
Trd, 258688.600, 96
Trd, 258689.383, 91
Trd, 258689.433, 82
Trd, 258689.833, 87
Trd, 258689.950, 82
Trd, 258690.233, 91
Trd, 258690.583, 102
Trd, 258691.183, 84
Trd, 258692.450, 97
Trd, 258692.467, 93
Trd, 258692.650, 101
Trd, 258692.783, 101
Trd, 258693.133, 102
Trd, 258693.717, 104
Trd, 258694.067, 103
Trd, 258694.217, 90
Trd, 258694.450, 87
Trd, 258694.767, 82
Trd, 258694.833, 85
Trd, 258695.100, 109
Trd, 258695.250, 110
Trd, 258695.400, 90
Trd, 258696.700, 90
Trd, 258697.000, 88
Trd, 258697.383, 89
Trd, 258697.650, 88
Trd, 258697.983, 88
Trd, 258698.467, 89
Trd, 258699.550, 89
Trd, 258699.883, 92
Trd, 258700.083, 89
Trd, 258700.367, 93
Trd, 258700.483, 95
Trd, 258701.283, 98
Trd, 258701.433, 101
Trd, 258701.533, 89
Trd, 258702.167, 87
Trd, 258702.600, 97
Trd, 258702.617, 93
Trd, 258702.950, 88
Trd, 258704.200, 92
Trd, 258704.483, 92
Trd, 258705.500, 95
Trd, 258706.017, 94
Trd, 258706.250, 93
Trd, 258706.617, 92
Trd, 258706.850, 90
Trd, 258707.217, 94
Trd, 258707.250, 95
Trd, 258707.467, 96
Trd, 258707.617, 87
Trd, 258707.933, 84
Trd, 258708.133, 86
Trd, 258708.300, 88
Trd, 258708.433, 82
Trd, 258709.033, 85
Trd, 258709.300, 91
Trd, 258710.917, 90
Trd, 258711.350, 94
Trd, 258711.567, 93
Trd, 258711.800, 103
Trd, 258712.017, 89
Trd, 258712.250, 89
Trd, 258712.983, 94
Trd, 258713.450, 90
Trd, 258713.983, 95
Trd, 258714.583, 93
Trd, 258714.717, 96
Trd, 258715.317, 94
Trd, 258715.583, 89
Trd, 258715.917, 96
Trd, 258716.217, 95
Trd, 258716.617, 100
Trd, 258716.633, 94
Trd, 258716.683, 83
Trd, 258717.633, 101
Trd, 258717.717, 101
Trd, 258718.050, 102
Trd, 258718.517, 102
Trd, 258718.633, 90
Trd, 258718.900, 104
Trd, 258719.417, 94
Trd, 258719.550, 95
Trd, 258720.133, 93
Trd, 258720.200, 86
Trd, 258721.267, 108
Trd, 258722.050, 106
Trd, 258722.150, 92
Trd, 258722.533, 96
Trd, 258722.883, 97
Trd, 258722.917, 106
Trd, 258723.117, 96
Trd, 258723.917, 91
Trd, 258724.383, 95
Trd, 258724.733, 100
Trd, 258724.983, 90
Trd, 258725.133, 108
Trd, 258725.233, 110
Trd, 258725.350, 114
Trd, 258725.683, 93
Trd, 258726.167, 87
Trd, 258726.750, 86
Trd, 258726.900, 92
Trd, 258727.117, 82
Trd, 258727.433, 85
Trd, 258727.650, 85
Trd, 258727.967, 101
Trd, 258728.250, 102
Trd, 258729.250, 94
Trd, 258729.433, 94
Trd, 258729.450, 93
Trd, 258729.650, 87
Trd, 258730.917, 86
Trd, 258731.017, 82
Trd, 258731.367, 90
Trd, 258731.817, 99
Trd, 258731.833, 100
Trd, 258732.500, 88
Trd, 258732.633, 87
Trd, 258732.650, 86
Trd, 258733.000, 93
Trd, 258733.817, 100
Trd, 258734.067, 102
Trd, 258734.767, 101
Trd, 258735.333, 99
Trd, 258735.417, 99
Trd, 258735.450, 102
Trd, 258735.567, 104
Trd, 258736.483, 106
Trd, 258737.167, 106
Trd, 258737.433, 97
Trd, 258737.483, 93
Trd, 258737.650, 90
Trd, 258738.183, 91
Trd, 258738.367, 90
Trd, 258738.783, 101
Trd, 258739.233, 101
Trd, 258739.500, 99
Trd, 258739.583, 100
Trd, 258739.900, 91
Trd, 258740.233, 93
Trd, 258740.367, 88
Trd, 258740.783, 87
Trd, 258741.183, 98
Trd, 258741.450, 86
Trd, 258741.867, 91
Trd, 258742.617, 100
Trd, 258742.850, 99
Trd, 258743.117, 85
Trd, 258743.317, 91
Trd, 258743.333, 84
Trd, 258743.683, 83
Trd, 258743.700, 91
Trd, 258743.867, 91
Trd, 258744.117, 92
Trd, 258744.850, 82
Trd, 258745.967, 94
Trd, 258746.067, 95
Trd, 258747.033, 97
Trd, 258747.050, 101
Trd, 258747.250, 95
Trd, 258747.400, 93
Trd, 258747.583, 104
Trd, 258747.633, 92
Trd, 258748.017, 91
Trd, 258748.250, 90
Trd, 258748.517, 87
Trd, 258748.867, 103
Trd, 258749.467, 87
Trd, 258749.750, 105
Trd, 258750.350, 91
Trd, 258750.917, 85
Trd, 258751.733, 90
Trd, 258752.083, 104
Trd, 258752.233, 97
Trd, 258752.300, 87
Trd, 258752.400, 108
Trd, 258752.550, 107
Trd, 258752.583, 82
Trd, 258753.133, 82
Trd, 258753.183, 99
Trd, 258754.333, 99
Trd, 258754.483, 88
Trd, 258754.583, 100
Trd, 258754.983, 92
Trd, 258755.500, 98
Trd, 258756.417, 99
Trd, 258756.533, 101
Trd, 258756.550, 92
Trd, 258756.600, 91
Trd, 258756.667, 90
Trd, 258756.900, 87
Trd, 258757.100, 95
Trd, 258757.233, 101
Trd, 258758.917, 102
Trd, 258759.000, 104
Trd, 258759.033, 107
Trd, 258759.817, 102
Trd, 258760.700, 106
Trd, 258760.967, 103
Trd, 258761.233, 106
Trd, 258761.350, 100
Trd, 258761.717, 93
Trd, 258761.833, 90
Trd, 258761.967, 107
Trd, 258762.417, 87
Trd, 258762.483, 98
Trd, 258762.850, 100
Trd, 258763.183, 87
Trd, 258763.650, 88
Trd, 258763.800, 101
Trd, 258764.567, 87
Trd, 258764.933, 82
Trd, 258765.100, 80
Trd, 258765.750, 83
Trd, 258766.000, 93
Trd, 258766.333, 102
Trd, 258767.517, 88
Trd, 258767.783, 95
Trd, 258768.367, 93
Trd, 258768.417, 89
Trd, 258768.433, 103
Trd, 258768.683, 99
Trd, 258769.233, 89
Trd, 258770.017, 88
Trd, 258770.183, 89
Trd, 258770.283, 82
Trd, 258770.833, 87
Trd, 258770.900, 83
Trd, 258772.533, 91
Trd, 258772.917, 100
Trd, 258773.100, 100
Trd, 258773.183, 101
Trd, 258773.450, 95
Trd, 258773.500, 94
Trd, 258773.533, 93
Trd, 258774.183, 93
Trd, 258774.600, 94
Trd, 258774.750, 103
Trd, 258774.967, 104
Trd, 258775.317, 93
Trd, 258776.117, 110
Trd, 258776.433, 87
Trd, 258776.567, 84
Trd, 258776.850, 83
Trd, 258777.000, 83
Trd, 258777.167, 86
Trd, 258777.333, 89
Trd, 258777.533, 90
Trd, 258778.267, 93
Trd, 258778.400, 85
Trd, 258778.467, 95
Trd, 258779.017, 94
Trd, 258779.450, 90
Trd, 258780.267, 93
Trd, 258780.450, 100
Trd, 258780.767, 95
Trd, 258780.833, 103
Trd, 258781.167, 108
Trd, 258781.583, 90
Trd, 258781.667, 89
Trd, 258781.850, 99
Trd, 258782.200, 84
Trd, 258782.400, 82
Trd, 258783.633, 81
Trd, 258783.800, 94
Trd, 258783.900, 96
Trd, 258784.183, 86
Trd, 258784.333, 85
Trd, 258785.017, 102
Trd, 258785.100, 84
Trd, 258785.333, 102
Trd, 258786.033, 98
Trd, 258786.150, 103
Trd, 258786.167, 103
Trd, 258786.483, 105
Trd, 258787.267, 83
Trd, 258788.233, 86
Trd, 258788.450, 83
Trd, 258789.117, 86
Trd, 258789.200, 90
Trd, 258789.467, 91
Trd, 258789.667, 92
Trd, 258789.883, 95
Trd, 258790.000, 85
Trd, 258790.083, 84
Trd, 258790.167, 101
Trd, 258791.200, 89
Trd, 258791.383, 104
Trd, 258791.633, 92
Trd, 258792.200, 89
Trd, 258792.250, 93
Trd, 258792.283, 95
Trd, 258793.567, 98
Trd, 258793.633, 88
Trd, 258794.267, 94
Trd, 258794.317, 108
Trd, 258794.700, 87
Trd, 258795.283, 107
Trd, 258795.933, 101
Trd, 258796.000, 100
Trd, 258796.333, 99
Trd, 258796.483, 94
Trd, 258796.983, 93
Trd, 258797.183, 92
Trd, 258797.267, 83
Trd, 258797.900, 80
Trd, 258798.283, 98
Trd, 258798.317, 99
Trd, 258798.767, 100
Trd, 258798.883, 104
Trd, 258799.267, 85
Trd, 258799.350, 84
Trd, 258799.517, 82
Trd, 258799.883, 101
Trd, 258800.200, 89
Trd, 258801.250, 93
Trd, 258801.600, 92
Trd, 258801.617, 94
Trd, 258802.033, 84
Trd, 258802.200, 98
Trd, 258802.633, 94
Trd, 258803.317, 89
Trd, 258803.417, 108
Trd, 258803.700, 88
Trd, 258803.900, 107
Trd, 258804.233, 93
Trd, 258804.767, 104
Trd, 258805.833, 93
Trd, 258806.050, 105
Trd, 258806.150, 92
Trd, 258806.167, 90
Trd, 258806.217, 106
Trd, 258806.233, 84
Trd, 258806.300, 107
Trd, 258807.317, 85
Trd, 258807.683, 96
Trd, 258808.250, 96
Trd, 258808.800, 93
Trd, 258810.100, 95
Trd, 258810.250, 100
Trd, 258810.467, 93
Trd, 258810.667, 91
Trd, 258810.767, 104
Trd, 258810.933, 106
Trd, 258811.433, 95
Trd, 258811.817, 90
Trd, 258811.850, 106
Trd, 258812.200, 111
Trd, 258812.883, 95
Trd, 258813.717, 94
Trd, 258813.867, 91
Trd, 258814.083, 99
Trd, 258814.333, 88
Trd, 258814.817, 96
Trd, 258815.233, 94
Trd, 258815.267, 93
Trd, 258815.517, 87
Trd, 258815.650, 98
Trd, 258815.800, 104
Trd, 258816.450, 85
Trd, 258817.517, 96
Trd, 258818.267, 99
Trd, 258818.700, 97
Trd, 258818.733, 96
Trd, 258818.950, 100
Trd, 258819.567, 92
Trd, 258819.600, 98
Trd, 258820.017, 101
Trd, 258820.283, 102
Trd, 258821.567, 101
Trd, 258821.867, 95
Trd, 258822.083, 95
Trd, 258822.150, 100
Trd, 258822.250, 104
Trd, 258822.467, 93
Trd, 258823.000, 99
Trd, 258823.017, 100
Trd, 258823.200, 91
Trd, 258823.317, 109
Trd, 258823.467, 90
Trd, 258823.567, 108
Trd, 258824.167, 87
Trd, 258824.550, 90
Trd, 258825.150, 88
Trd, 258825.667, 89
Trd, 258825.683, 97
Trd, 258826.550, 94
Trd, 258826.633, 101
Trd, 258826.750, 102
Trd, 258826.917, 93
Trd, 258827.100, 95
Trd, 258827.167, 91
Trd, 258827.267, 100
Trd, 258828.533, 94
Trd, 258829.233, 94
Trd, 258829.600, 93
Trd, 258829.717, 102
Trd, 258829.767, 90
Trd, 258829.800, 102
Trd, 258829.917, 87
Trd, 258830.050, 86
Trd, 258830.883, 84
Trd, 258831.050, 99
Trd, 258831.283, 104
Trd, 258831.317, 83
Trd, 258832.150, 93
Trd, 258832.483, 90
Trd, 258834.300, 87
Trd, 258834.350, 87
Trd, 258834.800, 88
Trd, 258834.917, 90
Trd, 258834.950, 87
Trd, 258835.517, 95
Trd, 258835.533, 102
Trd, 258835.867, 87
Trd, 258837.100, 98
Trd, 258837.433, 106
Trd, 258837.717, 93
Trd, 258837.883, 94
Trd, 258838.317, 107
Trd, 258838.667, 95
Trd, 258838.783, 93
Trd, 258839.033, 90
Trd, 258840.267, 90
Trd, 258840.283, 87
Trd, 258841.133, 94
Trd, 258841.400, 90
Trd, 258842.433, 92
Trd, 258842.800, 93
Trd, 258842.833, 93
Trd, 258843.333, 95
Trd, 258843.383, 90
Trd, 258843.433, 95
Trd, 258843.667, 100
Trd, 258843.983, 101
Trd, 258844.233, 98
Trd, 258844.333, 91
Trd, 258844.650, 99
Trd, 258844.750, 102
Trd, 258844.900, 104
Trd, 258845.033, 90
Trd, 258845.967, 109
Trd, 258846.533, 104
Trd, 258847.300, 98
Trd, 258847.667, 91
Trd, 258847.933, 90
Trd, 258848.433, 91
Trd, 258848.517, 90
Trd, 258848.767, 88
Trd, 258849.117, 91
Trd, 258849.183, 93
Trd, 258849.650, 90
Trd, 258849.983, 84
Trd, 258850.633, 94
Trd, 258851.000, 98
Trd, 258851.167, 101
Trd, 258851.467, 93
Trd, 258852.333, 97
Trd, 258852.583, 92
Trd, 258852.800, 91
Trd, 258853.650, 92
Trd, 258853.683, 90
Trd, 258853.750, 93
Trd, 258854.100, 94
Trd, 258854.433, 93
Trd, 258854.950, 95
Trd, 258854.983, 99
Trd, 258855.017, 102
Trd, 258855.783, 89
Trd, 258855.817, 87
Trd, 258855.933, 84
Trd, 258856.950, 107
Trd, 258857.517, 97
Trd, 258857.750, 93
Trd, 258858.200, 84
Trd, 258858.483, 84
Trd, 258858.683, 91
Trd, 258859.633, 100
Trd, 258860.150, 89
Trd, 258860.233, 100
Trd, 258861.583, 99
Trd, 258861.650, 98
Trd, 258861.783, 95
Trd, 258861.967, 99
Trd, 258862.150, 90
Trd, 258862.217, 102
Trd, 258862.283, 89
Trd, 258862.517, 88
Trd, 258862.933, 103
Trd, 258863.133, 94
Trd, 258863.817, 94
Trd, 258864.100, 93
Trd, 258864.283, 91
Trd, 258864.333, 99
Trd, 258864.350, 104
Trd, 258864.483, 103
Trd, 258865.000, 102
Trd, 258866.283, 109
Trd, 258866.300, 87
Trd, 258866.433, 84
Trd, 258867.117, 83
Trd, 258867.817, 93
Trd, 258867.933, 109
Trd, 258868.050, 109
Trd, 258868.167, 109
Trd, 258868.533, 109
Trd, 258868.833, 86
Trd, 258869.650, 88
Trd, 258869.850, 92
Trd, 258870.250, 89
Trd, 258870.500, 88
Trd, 258870.550, 91
Trd, 258871.550, 95
Trd, 258871.833, 88
Trd, 258871.983, 97
Trd, 258872.200, 91
Trd, 258873.067, 89
Trd, 258873.483, 93
Trd, 258873.900, 91
Trd, 258873.950, 95
Trd, 258874.000, 88
Trd, 258874.233, 87
Trd, 258874.500, 87
Trd, 258874.617, 93
Trd, 258875.183, 99
Trd, 258875.283, 102
Trd, 258875.417, 107
Trd, 258875.617, 88
Trd, 258875.650, 108
Trd, 258876.183, 85
Trd, 258876.583, 87
Trd, 258876.633, 106
Trd, 258877.617, 95
Trd, 258878.650, 97
Trd, 258879.050, 96
Trd, 258879.283, 94
Trd, 258879.517, 97
Trd, 258879.550, 98
Trd, 258879.667, 100
Trd, 258879.850, 94
Trd, 258879.933, 101
Trd, 258879.967, 104
Trd, 258881.050, 95
Trd, 258881.067, 93
Trd, 258881.183, 92
Trd, 258881.250, 87
Trd, 258881.467, 93
Trd, 258881.483, 107
Trd, 258881.517, 110
Trd, 258881.700, 84
Trd, 258881.933, 83
Trd, 258882.817, 93
Trd, 258882.867, 104
Trd, 258883.933, 84
Trd, 258884.117, 84
Trd, 258884.750, 101
Trd, 258885.683, 102
Trd, 258886.167, 95
Trd, 258886.367, 95
Trd, 258886.383, 94
Trd, 258886.483, 93
Trd, 258886.750, 99
Trd, 258887.000, 100
Trd, 258887.567, 93
Trd, 258887.650, 92
Trd, 258888.667, 92
Trd, 258888.783, 90
Trd, 258888.833, 87
Trd, 258889.700, 99
Trd, 258890.517, 92
Trd, 258890.583, 93
Trd, 258890.633, 87
Trd, 258890.950, 84
Trd, 258891.983, 83
Trd, 258892.383, 89
Trd, 258892.583, 82
Trd, 258892.700, 90
Trd, 258892.983, 82
Trd, 258893.117, 82
Trd, 258893.150, 94
Trd, 258893.400, 94
Trd, 258893.467, 95
Trd, 258893.500, 102
Trd, 258894.133, 98
Trd, 258894.650, 97
Trd, 258895.600, 91
Trd, 258896.000, 103
Trd, 258896.300, 103
Trd, 258896.550, 104
Trd, 258896.767, 102
Trd, 258896.917, 101
Trd, 258897.000, 89
Trd, 258897.583, 102
Trd, 258897.600, 100
Trd, 258897.700, 106
Trd, 258898.233, 93
Trd, 258898.250, 95
Trd, 258898.267, 110
Trd, 258898.750, 116
Trd, 258899.683, 90
Trd, 258899.983, 98
Trd, 258900.617, 90
Trd, 258900.900, 93
Trd, 258901.383, 93
Trd, 258901.417, 94
Trd, 258902.067, 98
Trd, 258902.400, 98
Trd, 258902.733, 92
Trd, 258903.000, 93
Trd, 258903.350, 93
Trd, 258903.417, 87
Trd, 258903.783, 84
Trd, 258904.633, 97
Trd, 258904.667, 98
Trd, 258904.717, 104
Trd, 258904.750, 92
Trd, 258904.867, 104
Trd, 258905.833, 99
Trd, 258905.883, 94
Trd, 258906.000, 106
Trd, 258906.433, 93
Trd, 258906.800, 96
Trd, 258906.900, 102
Trd, 258907.783, 92
Trd, 258907.917, 90
Trd, 258908.450, 88
Trd, 258908.833, 89
Trd, 258909.033, 91
Trd, 258909.233, 90
Trd, 258909.417, 93
Trd, 258909.850, 95
Trd, 258910.133, 90
Trd, 258910.367, 98
Trd, 258910.533, 90
Trd, 258910.733, 104
Trd, 258911.700, 94
Trd, 258912.450, 114
Trd, 258912.483, 117
Trd, 258912.500, 96
Trd, 258913.817, 96
Trd, 258914.400, 94
Trd, 258914.500, 93
Trd, 258914.633, 94
Trd, 258914.750, 98
Trd, 258914.767, 87
Trd, 258915.000, 84
Trd, 258915.100, 99
Trd, 258915.717, 86
Trd, 258915.883, 96
Trd, 258916.300, 98
Trd, 258916.717, 86
Trd, 258916.900, 85
Trd, 258917.450, 88
Trd, 258917.550, 91
Trd, 258918.467, 100
Trd, 258918.667, 90
Trd, 258919.200, 90
Trd, 258919.550, 93
Trd, 258919.633, 95
Trd, 258920.167, 99
Trd, 258920.283, 86
Trd, 258920.450, 87
Trd, 258920.567, 98
Trd, 258921.050, 84
Trd, 258921.433, 82
Trd, 258921.533, 88
Trd, 258922.067, 90
Trd, 258922.400, 82
Trd, 258923.567, 84
Trd, 258923.883, 85
Trd, 258924.133, 95
Trd, 258924.333, 94
Trd, 258924.400, 85
Trd, 258925.033, 96
Trd, 258925.267, 99
Trd, 258925.600, 95
Trd, 258926.017, 94
Trd, 258926.083, 98
Trd, 258926.150, 99
Trd, 258926.367, 103
Trd, 258927.083, 103
Trd, 258927.283, 101
Trd, 258927.583, 104
Trd, 258927.650, 100
Trd, 258927.667, 110
Trd, 258927.800, 93
Trd, 258928.783, 108
Trd, 258928.983, 107
Trd, 258929.017, 109
Trd, 258929.117, 101
Trd, 258929.433, 90
Trd, 258929.467, 87
Trd, 258929.883, 108
Trd, 258930.350, 112
Trd, 258930.517, 106
Trd, 258931.400, 95
Trd, 258931.417, 92
Trd, 258932.250, 93
Trd, 258932.500, 95
Trd, 258932.550, 90
Trd, 258932.917, 87
Trd, 258933.233, 88
Trd, 258933.567, 90
Trd, 258933.733, 100
Trd, 258933.817, 104
Trd, 258934.117, 101
Trd, 258934.717, 86
Trd, 258934.833, 79
Trd, 258935.367, 87
Trd, 258936.667, 110
Trd, 258936.783, 111
Trd, 258937.767, 111
Trd, 258937.850, 109
Trd, 258938.067, 94
Trd, 258938.167, 110
Trd, 258938.200, 93
Trd, 258938.417, 113
Trd, 258938.533, 90
Trd, 258939.317, 90
Trd, 258939.933, 89
Trd, 258940.417, 88
Trd, 258940.567, 90
Trd, 258940.650, 91
Trd, 258941.083, 99
Trd, 258941.550, 100
Trd, 258941.617, 94
Trd, 258941.917, 93
Trd, 258942.833, 112
Trd, 258943.017, 110
Trd, 258943.033, 109
Trd, 258943.467, 107
Trd, 258943.783, 87
Trd, 258943.900, 106
Trd, 258944.433, 84
Trd, 258945.000, 84
Trd, 258945.283, 91
Trd, 258945.617, 82
Trd, 258946.583, 90
Trd, 258946.800, 92
Trd, 258947.667, 91
Trd, 258947.883, 94
Trd, 258948.050, 90
Trd, 258948.233, 89
Trd, 258948.417, 95
Trd, 258948.867, 87
Trd, 258948.917, 84
Trd, 258949.000, 91
Trd, 258949.183, 95
Trd, 258949.583, 102
Trd, 258949.750, 103
Trd, 258951.350, 87
Trd, 258951.533, 93
Trd, 258951.967, 88
Trd, 258951.983, 90
Trd, 258952.533, 93
Trd, 258952.633, 95
Trd, 258953.000, 89
Trd, 258953.017, 83
Trd, 258954.167, 96
Trd, 258954.317, 99
Trd, 258954.567, 102
Trd, 258955.033, 97
Trd, 258955.217, 95
Trd, 258955.300, 93
Trd, 258955.533, 87
Trd, 258955.583, 101
Trd, 258956.183, 89
Trd, 258956.250, 101
Trd, 258956.433, 102
Trd, 258956.633, 93
Trd, 258957.167, 93
Trd, 258957.267, 87
Trd, 258958.133, 89
Trd, 258959.367, 90
Trd, 258959.617, 92
Trd, 258959.667, 85
Trd, 258959.750, 95
Trd, 258960.767, 104
Trd, 258960.867, 104
Trd, 258960.983, 94
Trd, 258961.033, 93
Trd, 258961.200, 93
Trd, 258961.283, 84
Trd, 258961.800, 84
Trd, 258961.917, 85
Trd, 258962.183, 97
Trd, 258962.233, 111
Trd, 258962.267, 82
Trd, 258962.850, 110
Trd, 258964.850, 90
Trd, 258965.000, 102
Trd, 258965.100, 85
Trd, 258965.383, 102
Trd, 258965.400, 84
Trd, 258965.717, 101
Trd, 258966.350, 103
Trd, 258966.383, 104
Trd, 258967.083, 94
Trd, 258967.450, 89
Trd, 258967.550, 86
Trd, 258967.983, 103
Trd, 258968.133, 95
Trd, 258969.100, 111
Trd, 258969.183, 110
Trd, 258969.367, 87
Trd, 258969.483, 85
Trd, 258969.983, 107
Trd, 258970.983, 97
Trd, 258971.417, 95
Trd, 258971.433, 90
Trd, 258971.483, 98
Trd, 258971.533, 102
Trd, 258971.767, 91
Trd, 258972.467, 109
Trd, 258972.600, 87
Trd, 258973.017, 97
Trd, 258973.400, 84
Trd, 258973.750, 80
Trd, 258974.183, 85
Trd, 258974.467, 94
Trd, 258974.617, 92
Trd, 258974.650, 103
Trd, 258976.183, 100
Trd, 258976.450, 86
Trd, 258976.550, 85
Trd, 258976.833, 84
Trd, 258977.583, 82
Trd, 258977.917, 82
Trd, 258977.933, 93
Trd, 258978.000, 85
Trd, 258978.667, 82
Trd, 258979.133, 80
Trd, 258979.283, 93
Trd, 258980.183, 93
Trd, 258980.417, 91
Trd, 258980.467, 103
Trd, 258980.917, 106
Trd, 258981.317, 100
Trd, 258981.883, 91
Trd, 258982.283, 85
Trd, 258982.433, 102
Trd, 258982.817, 99
Trd, 258983.117, 102
Trd, 258983.367, 93
Trd, 258983.383, 101
Trd, 258983.400, 84
Trd, 258983.517, 101
Trd, 258983.883, 87
Trd, 258984.283, 86
Trd, 258985.067, 87
Trd, 258985.550, 88
Trd, 258985.783, 92
Trd, 258986.617, 91
Trd, 258986.967, 95
Trd, 258987.250, 89
Trd, 258987.617, 90
Trd, 258987.667, 89
Trd, 258988.000, 95
Trd, 258988.400, 91
Trd, 258988.733, 88
Trd, 258988.817, 92
Trd, 258989.083, 94
Trd, 258989.350, 89
Trd, 258989.717, 97
Trd, 258989.983, 98
Trd, 258990.517, 89
Trd, 258990.733, 104
Trd, 258991.367, 99
Trd, 258992.033, 106
Trd, 258992.167, 109
Trd, 258992.533, 110
Trd, 258994.000, 105
Trd, 258994.267, 104
Trd, 258994.400, 105
Trd, 258994.417, 102
Trd, 258994.467, 101
Trd, 258995.000, 96
Trd, 258995.017, 104
Trd, 258995.217, 93
Trd, 258995.650, 84
Trd, 258995.967, 83
Trd, 258996.200, 106
Trd, 258996.333, 83
Trd, 258997.217, 84
Trd, 258997.650, 84
Trd, 258998.117, 103
Trd, 258998.267, 104
Trd, 258998.567, 104
Trd, 258998.850, 90
Trd, 258999.217, 101
Trd, 258999.317, 107
Trd, 258999.983, 104
Trd, 259000.183, 93
Trd, 259000.483, 104
Trd, 259000.800, 105
Trd, 259000.883, 102
Trd, 259001.450, 106
Trd, 259001.867, 104
Trd, 259002.367, 95
Trd, 259003.283, 95
Trd, 259003.533, 88
Trd, 259003.883, 87
Trd, 259004.617, 94
Trd, 259004.800, 107
Trd, 259005.083, 107
Trd, 259005.300, 109
Trd, 259005.400, 91
Trd, 259005.783, 93
Trd, 259006.017, 101
Trd, 259006.750, 84
Trd, 259006.783, 106
Trd, 259007.150, 79
Trd, 259008.717, 94
Trd, 259008.967, 90
Trd, 259009.050, 87
Trd, 259009.133, 95
Trd, 259009.167, 86
Trd, 259009.267, 104
Trd, 259009.800, 90
Trd, 259009.917, 104
Trd, 259010.000, 91
Trd, 259010.050, 87
Trd, 259010.883, 92
Trd, 259010.950, 99
Trd, 259011.500, 96
Trd, 259011.583, 103
Trd, 259012.200, 97
Trd, 259012.533, 102
Trd, 259012.617, 96
Trd, 259013.850, 85
Trd, 259013.900, 84
Trd, 259014.067, 84
Trd, 259014.217, 104
Trd, 259014.300, 112
Trd, 259015.183, 89
Trd, 259015.217, 103
Trd, 259015.383, 82
Trd, 259016.200, 86
Trd, 259016.317, 93
Trd, 259016.350, 101
Trd, 259016.450, 104
Trd, 259016.733, 105
Trd, 259017.667, 99
Trd, 259017.833, 106
Trd, 259018.233, 107
Trd, 259018.283, 104
Trd, 259018.383, 98
Trd, 259019.217, 103
Trd, 259020.133, 96
Trd, 259020.383, 94
Trd, 259020.717, 92
Trd, 259020.867, 90
Trd, 259021.350, 96
Trd, 259021.417, 94
Trd, 259022.250, 92
Trd, 259022.417, 87
Trd, 259023.000, 96
Trd, 259023.417, 87
Trd, 259023.717, 93
Trd, 259024.033, 92
Trd, 259024.483, 100
Trd, 259024.517, 86
Trd, 259025.367, 103
Trd, 259025.417, 89
Trd, 259026.483, 101
Trd, 259026.650, 102
Trd, 259027.200, 94
Trd, 259027.233, 93
Trd, 259027.717, 93
Trd, 259027.933, 103
Trd, 259028.017, 90
Trd, 259028.150, 103
Trd, 259028.617, 87
Trd, 259029.267, 95
Trd, 259029.500, 100
Trd, 259029.533, 85
Trd, 259029.750, 85
Trd, 259029.900, 86
Trd, 259030.350, 102
Trd, 259030.950, 99
Trd, 259032.033, 95
Trd, 259032.150, 94
Trd, 259032.383, 101
Trd, 259032.933, 102
Trd, 259033.667, 96
Trd, 259033.967, 102
Trd, 259034.217, 102
Trd, 259034.233, 103
Trd, 259034.600, 104
Trd, 259034.617, 93
Trd, 259035.183, 110
Trd, 259035.217, 122
Trd, 259035.417, 90
Trd, 259035.483, 90
Trd, 259035.500, 99
Trd, 259035.867, 106
Trd, 259036.450, 87
Trd, 259038.650, 97
Trd, 259038.750, 101
Trd, 259039.183, 96
Trd, 259039.317, 109
Trd, 259039.517, 90
Trd, 259039.733, 87
Trd, 259039.783, 92
Trd, 259040.450, 84
Trd, 259040.900, 84
Trd, 259041.333, 93
Trd, 259041.367, 93
Trd, 259041.417, 99
Trd, 259041.450, 104
Trd, 259041.933, 93
Trd, 259041.950, 91
Trd, 259042.083, 104
Trd, 259042.317, 90
Trd, 259043.100, 107
Trd, 259043.533, 86
Trd, 259044.067, 85
Trd, 259044.100, 84
Trd, 259044.167, 83
Trd, 259044.383, 97
Trd, 259045.250, 90
Trd, 259045.433, 85
Trd, 259045.733, 90
Trd, 259045.867, 98
Trd, 259046.700, 93
Trd, 259046.817, 106
Trd, 259046.867, 91
Trd, 259047.267, 88
Trd, 259047.483, 107
Trd, 259048.283, 102
Trd, 259048.517, 102
Trd, 259048.667, 101
Trd, 259048.800, 109
Trd, 259049.033, 87
Trd, 259049.333, 84
Trd, 259049.350, 90
Trd, 259050.067, 106
Trd, 259050.467, 105
Trd, 259050.783, 92
Trd, 259051.767, 108
Trd, 259052.083, 113
Trd, 259053.050, 95
Trd, 259053.167, 94
Trd, 259053.183, 93
Trd, 259053.317, 106
Trd, 259054.467, 98
Trd, 259054.600, 96
Trd, 259054.883, 93
Trd, 259055.633, 91
Trd, 259055.800, 92
Trd, 259056.267, 95
Trd, 259056.367, 96
Trd, 259057.133, 98
Trd, 259057.650, 103
Trd, 259057.967, 104
Trd, 259058.050, 95
Trd, 259058.517, 92
Trd, 259058.767, 91
Trd, 259058.850, 103
Trd, 259059.283, 104
Trd, 259059.817, 108
Trd, 259060.083, 109
Trd, 259060.200, 90
Trd, 259061.117, 89
Trd, 259061.367, 89
Trd, 259061.667, 88
Trd, 259062.283, 93
Trd, 259062.400, 87
Trd, 259062.650, 91
Trd, 259062.917, 95
Trd, 259063.217, 86
Trd, 259063.350, 94
Trd, 259063.700, 90
Trd, 259064.250, 94
Trd, 259064.317, 98
Trd, 259064.517, 104
Trd, 259064.750, 93
Trd, 259064.817, 106
Trd, 259065.583, 92
Trd, 259066.350, 94
Trd, 259066.417, 91
Trd, 259066.450, 102
Trd, 259066.667, 106
Trd, 259066.867, 90
Trd, 259067.317, 93
Trd, 259068.350, 109
Trd, 259068.583, 106
Trd, 259068.800, 106
Trd, 259069.017, 106
Trd, 259069.433, 90
Trd, 259070.017, 93
Trd, 259070.067, 107
Trd, 259070.100, 92
Trd, 259070.267, 91
Trd, 259070.333, 97
Trd, 259070.367, 90
Trd, 259070.583, 84
Trd, 259071.633, 83
Trd, 259071.733, 82
Trd, 259071.800, 92
Trd, 259072.217, 104
Trd, 259072.667, 109
Trd, 259072.933, 84
Trd, 259073.450, 79
Trd, 259074.017, 81
Trd, 259074.267, 80
Trd, 259074.467, 79
Trd, 259074.733, 83
Trd, 259074.767, 87
Trd, 259074.883, 78
Trd, 259075.267, 95
Trd, 259075.567, 95
Trd, 259076.333, 98
Trd, 259076.900, 101
Trd, 259076.917, 95
Trd, 259077.317, 93
Trd, 259077.517, 87
Trd, 259078.100, 84
Trd, 259078.483, 87
Trd, 259078.650, 86
Trd, 259079.517, 90
Trd, 259079.617, 93
Trd, 259079.717, 86
Trd, 259080.100, 85
Trd, 259080.183, 94
Trd, 259080.267, 98
Trd, 259081.050, 101
Trd, 259081.133, 90
Trd, 259081.200, 102
Trd, 259081.550, 104
Trd, 259082.450, 89
Trd, 259082.550, 105
Trd, 259082.650, 107
Trd, 259082.833, 87
Trd, 259083.550, 110
Trd, 259083.600, 101
Trd, 259084.350, 102
Trd, 259084.367, 100
Trd, 259084.417, 99
Trd, 259085.133, 94
Trd, 259085.150, 91
Trd, 259085.433, 91
Trd, 259085.883, 87
Trd, 259086.333, 95
Trd, 259086.800, 97
Trd, 259086.917, 104
Trd, 259087.450, 103
Trd, 259087.983, 109
Trd, 259088.183, 106
Trd, 259088.317, 110
Trd, 259088.583, 110
Trd, 259088.700, 99
Trd, 259088.800, 87
Trd, 259089.400, 84
Trd, 259089.533, 93
Trd, 259089.750, 90
Trd, 259091.250, 95
Trd, 259091.433, 84
Trd, 259091.550, 83
Trd, 259092.017, 83
Trd, 259092.133, 84
Trd, 259092.267, 92
Trd, 259092.950, 83
Trd, 259094.300, 86
Trd, 259094.417, 88
Trd, 259094.650, 85
Trd, 259094.833, 89
Trd, 259094.917, 93
Trd, 259095.083, 95
Trd, 259095.333, 98
Trd, 259095.350, 99
Trd, 259095.967, 86
Trd, 259096.583, 103
Trd, 259096.667, 106
Trd, 259096.783, 84
Trd, 259097.367, 96
Trd, 259097.383, 85
Trd, 259097.517, 86
Trd, 259098.550, 85
Trd, 259099.067, 98
Trd, 259099.733, 102
Trd, 259100.100, 93
Trd, 259100.133, 87
Trd, 259100.183, 94
Trd, 259101.467, 101
Trd, 259101.917, 103
Trd, 259102.100, 103
Trd, 259102.233, 101
Trd, 259102.350, 113
Trd, 259103.083, 93
Trd, 259103.950, 89
Trd, 259104.350, 95
Trd, 259104.967, 99
Trd, 259104.983, 97
Trd, 259105.000, 100
Trd, 259105.267, 95
Trd, 259105.283, 93
Trd, 259105.783, 94
Trd, 259106.317, 93
Trd, 259106.450, 99
Trd, 259106.500, 91
Trd, 259107.767, 92
Trd, 259107.983, 91
Trd, 259108.000, 99
Trd, 259108.833, 108
Trd, 259108.967, 92
Trd, 259109.000, 95
Trd, 259109.250, 95
Trd, 259109.867, 101
Trd, 259110.233, 104
Trd, 259110.433, 99
Trd, 259110.650, 104
Trd, 259110.817, 90
Trd, 259111.000, 87
Trd, 259111.750, 89
Trd, 259111.917, 93
Trd, 259112.717, 103
Trd, 259113.950, 102
Trd, 259113.967, 96
Trd, 259114.050, 90
Trd, 259115.050, 95
Trd, 259115.433, 96
Trd, 259115.717, 96
Trd, 259115.783, 97
Trd, 259116.117, 93
Trd, 259116.367, 88
Trd, 259116.533, 99
Trd, 259116.850, 87
Trd, 259116.983, 101
Trd, 259117.017, 84
Trd, 259117.367, 102
Trd, 259117.733, 95
Trd, 259117.833, 94
Trd, 259118.033, 90
Trd, 259118.067, 91
Trd, 259118.633, 82
Trd, 259119.567, 89
Trd, 259119.767, 93
Trd, 259119.817, 101
Trd, 259120.483, 94
Trd, 259120.833, 95
Trd, 259121.300, 105
Trd, 259121.500, 99
Trd, 259122.033, 96
Trd, 259122.300, 87
Trd, 259122.900, 94
Trd, 259122.933, 99
Trd, 259123.267, 104
Trd, 259123.317, 91
Trd, 259123.883, 92
Trd, 259124.350, 93
Trd, 259124.833, 105
Trd, 259124.883, 93
Trd, 259124.950, 92
Trd, 259125.683, 102
Trd, 259126.267, 107
Trd, 259126.683, 95
Trd, 259126.967, 100
Trd, 259127.767, 108
Trd, 259127.817, 100
Trd, 259128.050, 109
Trd, 259128.283, 99
Trd, 259129.133, 104
Trd, 259129.167, 96
Trd, 259129.683, 94
Trd, 259129.733, 93
Trd, 259129.900, 93
Trd, 259130.250, 95
Trd, 259130.350, 89
Trd, 259130.550, 100
Trd, 259130.917, 88
Trd, 259131.250, 87
Trd, 259131.367, 101
Trd, 259131.500, 103
Trd, 259131.767, 94
Trd, 259132.967, 88
Trd, 259133.067, 84
Trd, 259133.100, 90
Trd, 259134.067, 89
Trd, 259134.350, 92
Trd, 259134.717, 84
Trd, 259135.167, 92
Trd, 259135.400, 84
Trd, 259135.450, 100
Trd, 259135.700, 100
Trd, 259135.800, 90
Trd, 259136.100, 93
Trd, 259136.567, 88
Trd, 259137.067, 90
Trd, 259137.733, 99
Trd, 259137.900, 89
Trd, 259138.550, 89
Trd, 259139.283, 89
Trd, 259139.867, 101
Trd, 259139.917, 104
Trd, 259140.917, 103
Trd, 259141.233, 102
Trd, 259141.333, 100
Trd, 259141.383, 93
Trd, 259141.650, 101
Trd, 259142.117, 87
Trd, 259142.650, 102
Trd, 259142.750, 97
Trd, 259143.067, 92
Trd, 259143.300, 103
Trd, 259143.383, 100
Trd, 259143.517, 99
Trd, 259143.583, 90
Trd, 259143.900, 108
Trd, 259144.833, 87
Trd, 259145.833, 89
Trd, 259145.850, 92
Trd, 259145.917, 87
Trd, 259146.250, 89
Trd, 259146.333, 86
Trd, 259146.400, 85
Trd, 259146.900, 95
Trd, 259147.200, 104
Trd, 259147.817, 91
Trd, 259147.967, 91
Trd, 259149.350, 92
Trd, 259149.933, 94
Trd, 259150.000, 95
Trd, 259150.383, 100
Trd, 259150.667, 108
Trd, 259150.850, 93
Trd, 259150.967, 109
Trd, 259151.050, 102
Trd, 259151.100, 90
Trd, 259151.317, 96
Trd, 259151.450, 99
Trd, 259152.017, 93
Trd, 259152.150, 92
Trd, 259153.250, 93
Trd, 259153.850, 96
Trd, 259154.217, 97
Trd, 259154.350, 92
Trd, 259154.800, 100
Trd, 259154.817, 99
Trd, 259155.050, 101
Trd, 259155.267, 98
Trd, 259155.417, 90
Trd, 259155.667, 101
Trd, 259155.767, 87
Trd, 259156.350, 99
Trd, 259156.467, 94
Trd, 259156.900, 85
Trd, 259157.850, 102
Trd, 259158.150, 93
Trd, 259158.417, 103
Trd, 259158.867, 93
Trd, 259159.650, 93
Trd, 259159.983, 95
Trd, 259160.633, 96
Trd, 259160.967, 95
Trd, 259161.250, 98
Trd, 259161.267, 100
Trd, 259161.467, 92
Trd, 259162.217, 104
Trd, 259163.033, 91
Trd, 259163.233, 90
Trd, 259163.350, 92
Trd, 259163.367, 93
Trd, 259163.400, 105
Trd, 259163.817, 88
Trd, 259165.033, 96
Trd, 259165.433, 88
Trd, 259165.783, 87
Trd, 259165.917, 89
Trd, 259166.017, 86
Trd, 259166.233, 89
Trd, 259166.700, 84
Trd, 259168.033, 95
Trd, 259168.067, 98
Trd, 259168.150, 98
Trd, 259168.233, 87
Trd, 259168.833, 105
Trd, 259169.283, 107
Trd, 259169.550, 96
Trd, 259170.217, 105
Trd, 259170.317, 106
Trd, 259170.450, 97
Trd, 259170.683, 95
Trd, 259170.767, 98
Trd, 259170.933, 93
Trd, 259171.283, 99
Trd, 259171.883, 103
Trd, 259172.383, 101
Trd, 259172.900, 94
Trd, 259173.367, 96
Trd, 259173.933, 99
Trd, 259174.050, 95
Trd, 259174.250, 98
Trd, 259174.350, 104
Trd, 259174.567, 90
Trd, 259174.800, 87
Trd, 259175.250, 92
Trd, 259175.350, 89
Trd, 259175.467, 106
Trd, 259175.700, 103
Trd, 259176.300, 92
Trd, 259176.650, 100
Trd, 259176.817, 88
Trd, 259176.983, 107
Trd, 259177.767, 100
Trd, 259177.783, 92
Trd, 259177.933, 110
Trd, 259178.050, 111
Trd, 259178.833, 112
Trd, 259179.600, 93
Trd, 259179.717, 90
Trd, 259180.983, 90
Trd, 259181.200, 88
Trd, 259182.267, 93
Trd, 259182.667, 94
Trd, 259183.333, 95
Trd, 259183.533, 89
Trd, 259183.733, 89
Trd, 259183.783, 96
Trd, 259184.450, 92
Trd, 259185.083, 95
Trd, 259185.117, 94
Trd, 259185.233, 95
Trd, 259185.917, 96
Trd, 259186.033, 98
Trd, 259186.250, 99
Trd, 259186.267, 94
Trd, 259186.583, 101
Trd, 259187.083, 93
Trd, 259187.167, 92
Trd, 259187.400, 97
Trd, 259187.967, 103
Trd, 259188.300, 94
Trd, 259189.000, 100
Trd, 259189.250, 93
Trd, 259189.517, 91
Trd, 259189.883, 98
Trd, 259190.233, 94
Trd, 259190.583, 113
Trd, 259190.817, 114
Trd, 259190.900, 121
Trd, 259191.067, 106
Trd, 259191.333, 107
Trd, 259191.583, 104
Trd, 259191.633, 106
Trd, 259191.667, 101
Trd, 259192.050, 93
Trd, 259192.100, 104
Trd, 259192.350, 90
Trd, 259192.483, 84
Trd, 259193.367, 86
Trd, 259193.700, 86
Trd, 259193.883, 91
Trd, 259194.033, 95
Trd, 259195.600, 89
Trd, 259195.617, 92
Trd, 259195.867, 87
Trd, 259196.000, 95
Trd, 259196.617, 93
Trd, 259196.950, 87
Trd, 259197.700, 89
Trd, 259198.150, 89
Trd, 259199.083, 94
Trd, 259199.450, 94
Trd, 259199.650, 94
Trd, 259199.967, 95
Trd, 259200.000, 95
