Trd, 258514.817, 108
Trd, 258515.833, 118
Trd, 258516.233, 118
Trd, 258516.400, 116
Trd, 258517.150, 104
Trd, 258517.800, 100
Trd, 258517.900, 106
Trd, 258518.317, 105
Trd, 258518.667, 101
Trd, 258518.750, 100
Trd, 258518.900, 109
Trd, 258519.150, 110
Trd, 258519.417, 98
Trd, 258519.717, 94
Trd, 258520.200, 99
Trd, 258520.400, 117
Trd, 258520.617, 94
Trd, 258520.933, 117
Trd, 258521.717, 115
Trd, 258521.783, 98
Trd, 258522.750, 102
Trd, 258523.050, 98
Trd, 258523.367, 96
Trd, 258523.750, 103
Trd, 258523.800, 94
Trd, 258523.983, 92
Trd, 258524.650, 102
Trd, 258524.833, 104
Trd, 258525.517, 112
Trd, 258525.567, 113
Trd, 258526.583, 98
Trd, 258526.667, 106
Trd, 258527.133, 99
Trd, 258527.350, 98
Trd, 258528.067, 104
Trd, 258528.250, 107
Trd, 258528.717, 104
Trd, 258528.900, 99
Trd, 258529.533, 98
Trd, 258530.000, 111
Trd, 258530.033, 99
Trd, 258530.283, 98
Trd, 258531.100, 98
Trd, 258531.117, 109
Trd, 258531.300, 111
Trd, 258531.400, 112
Trd, 258532.600, 115
Trd, 258532.750, 114
Trd, 258532.967, 101
Trd, 258533.450, 98
Trd, 258534.767, 106
Trd, 258535.383, 101
Trd, 258535.583, 95
Trd, 258535.750, 93
Trd, 258536.283, 109
Trd, 258536.367, 111
Trd, 258536.600, 93
Trd, 258536.650, 89
Trd, 258536.833, 112
Trd, 258537.417, 102
Trd, 258537.900, 114
Trd, 258538.233, 109
Trd, 258538.933, 109
Trd, 258539.767, 116
Trd, 258539.783, 94
Trd, 258539.983, 99
Trd, 258540.100, 119
Trd, 258540.933, 99
Trd, 258540.950, 98
Trd, 258541.083, 97
Trd, 258541.267, 103
Trd, 258541.717, 108
Trd, 258542.533, 99
Trd, 258543.800, 98
Trd, 258543.900, 96
Trd, 258544.067, 101
Trd, 258544.133, 103
Trd, 258544.383, 95
Trd, 258544.417, 94
Trd, 258544.483, 93
Trd, 258545.233, 108
Trd, 258545.833, 93
Trd, 258546.333, 101
Trd, 258546.633, 101
Trd, 258547.400, 107
Trd, 258547.433, 109
Trd, 258548.533, 107
Trd, 258548.567, 105
Trd, 258549.533, 104
Trd, 258550.633, 103
Trd, 258550.900, 106
Trd, 258551.117, 108
Trd, 258551.300, 108
Trd, 258551.633, 109
Trd, 258551.750, 109
Trd, 258551.783, 112
Trd, 258551.950, 100
Trd, 258552.150, 115
Trd, 258552.283, 98
Trd, 258552.533, 96
Trd, 258553.083, 96
Trd, 258553.683, 99
Trd, 258554.783, 95
Trd, 258554.800, 101
Trd, 258555.117, 94
Trd, 258555.317, 107
Trd, 258556.350, 105
Trd, 258556.467, 103
Trd, 258556.533, 102
Trd, 258556.750, 101
Trd, 258557.283, 102
Trd, 258557.433, 101
Trd, 258557.700, 112
Trd, 258558.150, 100
Trd, 258558.733, 101
Trd, 258559.050, 96
Trd, 258559.133, 95
Trd, 258559.667, 101
Trd, 258560.467, 95
Trd, 258560.733, 110
Trd, 258560.817, 112
Trd, 258560.950, 112
Trd, 258561.017, 93
Trd, 258561.200, 87
Trd, 258562.233, 99
Trd, 258562.300, 90
Trd, 258562.683, 98
Trd, 258563.433, 95
Trd, 258563.583, 97
Trd, 258563.783, 101
Trd, 258563.867, 106
Trd, 258564.383, 95
Trd, 258564.733, 94
Trd, 258565.133, 94
Trd, 258565.183, 98
Trd, 258565.350, 98
Trd, 258565.533, 93
Trd, 258566.700, 109
Trd, 258566.883, 111
Trd, 258567.333, 103
Trd, 258567.350, 94
Trd, 258567.733, 112
Trd, 258568.567, 116
Trd, 258568.833, 121
Trd, 258569.317, 93
Trd, 258570.350, 97
Trd, 258570.517, 96
Trd, 258570.967, 98
Trd, 258571.683, 96
Trd, 258571.850, 97
Trd, 258571.917, 92
Trd, 258571.983, 98
Trd, 258572.033, 101
Trd, 258572.417, 106
Trd, 258572.467, 109
Trd, 258573.617, 96
Trd, 258573.817, 100
Trd, 258575.133, 106
Trd, 258575.917, 106
Trd, 258576.100, 112
Trd, 258576.217, 107
Trd, 258576.317, 104
Trd, 258576.367, 103
Trd, 258576.850, 102
Trd, 258577.067, 101
Trd, 258577.550, 109
Trd, 258577.733, 105
Trd, 258577.783, 104
Trd, 258578.367, 100
Trd, 258579.283, 100
Trd, 258579.400, 101
Trd, 258579.417, 102
Trd, 258579.883, 101
Trd, 258579.950, 106
Trd, 258580.233, 100
Trd, 258580.967, 98
Trd, 258581.183, 112
Trd, 258581.933, 104
Trd, 258582.683, 97
Trd, 258582.717, 108
Trd, 258583.517, 95
Trd, 258584.283, 103
Trd, 258584.517, 102
Trd, 258584.533, 101
Trd, 258584.867, 98
Trd, 258585.317, 106
Trd, 258586.117, 98
Trd, 258586.433, 99
Trd, 258586.833, 109
Trd, 258586.850, 112
Trd, 258587.300, 98
Trd, 258587.617, 94
Trd, 258587.767, 93
Trd, 258587.800, 105
Trd, 258588.150, 106
Trd, 258589.467, 114
Trd, 258589.967, 98
Trd, 258590.467, 97
Trd, 258590.500, 95
Trd, 258591.133, 106
Trd, 258591.317, 95
Trd, 258591.567, 101
Trd, 258591.800, 94
Trd, 258591.883, 105
Trd, 258592.433, 105
Trd, 258592.500, 109
Trd, 258593.117, 109
Trd, 258594.150, 96
Trd, 258594.333, 107
Trd, 258594.883, 97
Trd, 258594.900, 95
Trd, 258595.733, 109
Trd, 258596.200, 99
Trd, 258596.250, 105
Trd, 258596.717, 100
Trd, 258597.067, 98
Trd, 258597.200, 98
Trd, 258597.867, 98
Trd, 258597.900, 107
Trd, 258598.333, 110
Trd, 258598.800, 95
Trd, 258599.450, 95
Trd, 258600.500, 100
Trd, 258601.200, 99
Trd, 258601.267, 99
Trd, 258601.433, 99
Trd, 258602.117, 101
Trd, 258602.283, 100
Trd, 258602.367, 102
Trd, 258602.633, 98
Trd, 258602.767, 95
Trd, 258602.817, 104
Trd, 258603.117, 107
Trd, 258603.650, 102
Trd, 258604.150, 111
Trd, 258604.333, 99
Trd, 258604.983, 103
Trd, 258605.367, 102
Trd, 258605.650, 106
Trd, 258605.950, 97
Trd, 258605.967, 96
Trd, 258606.333, 112
Trd, 258606.550, 95
Trd, 258607.133, 105
Trd, 258608.117, 99
Trd, 258608.317, 105
Trd, 258608.483, 105
Trd, 258609.217, 100
Trd, 258609.500, 98
Trd, 258609.800, 97
Trd, 258610.250, 96
Trd, 258610.417, 103
Trd, 258610.500, 94
Trd, 258610.667, 104
Trd, 258611.483, 95
Trd, 258612.467, 102
Trd, 258612.767, 107
Trd, 258613.000, 104
Trd, 258613.367, 109
Trd, 258614.133, 107
Trd, 258614.150, 108
Trd, 258614.483, 100
Trd, 258615.717, 107
Trd, 258615.767, 108
Trd, 258616.417, 109
Trd, 258616.450, 102
Trd, 258616.817, 99
Trd, 258617.233, 102
Trd, 258617.367, 98
Trd, 258617.700, 104
Trd, 258618.317, 104
Trd, 258618.383, 97
Trd, 258618.400, 105
Trd, 258619.017, 100
Trd, 258619.333, 109
Trd, 258619.633, 100
Trd, 258620.117, 95
Trd, 258620.133, 92
Trd, 258620.683, 103
Trd, 258620.717, 104
Trd, 258620.750, 88
Trd, 258621.517, 91
Trd, 258622.350, 99
Trd, 258624.200, 104
Trd, 258624.267, 93
Trd, 258624.367, 101
Trd, 258624.900, 108
Trd, 258624.967, 92
Trd, 258625.133, 112
Trd, 258625.333, 111
Trd, 258625.517, 92
Trd, 258625.583, 114
Trd, 258626.233, 103
Trd, 258626.650, 95
Trd, 258626.783, 94
Trd, 258627.567, 116
Trd, 258628.283, 117
Trd, 258628.683, 100
Trd, 258629.567, 115
Trd, 258630.283, 98
Trd, 258630.717, 99
Trd, 258631.100, 95
Trd, 258631.267, 113
Trd, 258631.767, 113
Trd, 258631.850, 101
Trd, 258632.517, 102
Trd, 258632.583, 103
Trd, 258632.700, 98
Trd, 258632.767, 115
Trd, 258633.300, 98
Trd, 258634.233, 111
Trd, 258634.383, 98
Trd, 258635.150, 112
Trd, 258635.450, 118
Trd, 258636.000, 119
Trd, 258636.217, 117
Trd, 258636.317, 116
Trd, 258636.433, 109
Trd, 258636.833, 116
Trd, 258637.167, 100
Trd, 258637.717, 98
Trd, 258637.917, 106
Trd, 258638.417, 99
Trd, 258638.533, 96
Trd, 258639.117, 104
Trd, 258639.167, 107
Trd, 258639.800, 96
Trd, 258640.433, 97
Trd, 258640.717, 120
Trd, 258640.850, 97
Trd, 258641.000, 96
Trd, 258641.250, 117
Trd, 258642.750, 124
Trd, 258643.000, 121
Trd, 258643.933, 116
Trd, 258644.133, 115
Trd, 258644.217, 106
Trd, 258644.350, 110
Trd, 258644.717, 107
Trd, 258645.400, 114
Trd, 258646.150, 110
Trd, 258646.383, 111
Trd, 258646.600, 108
Trd, 258646.917, 104
Trd, 258647.017, 109
Trd, 258647.267, 104
Trd, 258647.567, 102
Trd, 258647.900, 106
Trd, 258648.050, 112
Trd, 258648.117, 101
Trd, 258648.567, 106
Trd, 258649.350, 117
Trd, 258650.517, 102
Trd, 258650.533, 106
Trd, 258651.267, 102
Trd, 258651.333, 103
Trd, 258652.183, 103
Trd, 258652.250, 109
Trd, 258652.267, 102
Trd, 258652.650, 95
Trd, 258653.050, 105
Trd, 258653.250, 99
Trd, 258653.483, 100
Trd, 258653.650, 104
Trd, 258653.867, 108
Trd, 258654.000, 98
Trd, 258654.900, 87
Trd, 258655.700, 96
Trd, 258656.233, 93
Trd, 258656.267, 103
Trd, 258656.500, 107
Trd, 258656.650, 93
Trd, 258656.783, 112
Trd, 258657.550, 116
Trd, 258658.117, 98
Trd, 258658.733, 99
Trd, 258658.817, 101
Trd, 258659.200, 111
Trd, 258660.067, 104
Trd, 258660.467, 100
Trd, 258660.733, 99
Trd, 258661.283, 108
Trd, 258661.517, 109
Trd, 258661.800, 105
Trd, 258661.850, 109
Trd, 258661.883, 112
Trd, 258662.233, 101
Trd, 258662.917, 101
Trd, 258663.717, 102
Trd, 258664.000, 98
Trd, 258664.283, 97
Trd, 258664.367, 120
Trd, 258665.100, 91
Trd, 258666.350, 108
Trd, 258666.367, 111
Trd, 258666.383, 97
Trd, 258666.583, 103
Trd, 258667.167, 98
Trd, 258667.200, 100
Trd, 258667.617, 97
Trd, 258667.833, 98
Trd, 258668.017, 96
Trd, 258668.383, 96
Trd, 258668.600, 105
Trd, 258669.133, 109
Trd, 258669.217, 104
Trd, 258669.400, 95
Trd, 258670.800, 99
Trd, 258670.900, 102
Trd, 258671.233, 112
Trd, 258671.483, 110
Trd, 258671.717, 112
Trd, 258672.067, 104
Trd, 258673.083, 102
Trd, 258673.333, 100
Trd, 258673.833, 105
Trd, 258674.100, 106
Trd, 258674.383, 100
Trd, 258674.683, 103
Trd, 258674.783, 99
Trd, 258675.133, 107
Trd, 258675.183, 109
Trd, 258675.667, 112
Trd, 258676.600, 106
Trd, 258676.683, 98
Trd, 258677.333, 120
Trd, 258677.483, 101
Trd, 258677.783, 98
Trd, 258678.883, 98
Trd, 258679.150, 100
Trd, 258680.533, 100
Trd, 258680.683, 101
Trd, 258681.700, 103
Trd, 258682.033, 101
Trd, 258682.267, 109
Trd, 258682.300, 101
Trd, 258682.650, 117
Trd, 258682.717, 101
Trd, 258682.767, 98
Trd, 258683.400, 117
Trd, 258683.933, 94
Trd, 258684.183, 95
Trd, 258684.267, 94
Trd, 258684.550, 91
Trd, 258684.567, 109
Trd, 258684.717, 90
Trd, 258685.033, 109
Trd, 258685.150, 112
Trd, 258685.317, 95
Trd, 258685.417, 115
Trd, 258686.100, 117
Trd, 258687.250, 105
Trd, 258687.900, 105
Trd, 258688.217, 100
Trd, 258688.617, 106
Trd, 258689.300, 107
Trd, 258690.050, 115
Trd, 258690.667, 119
Trd, 258691.100, 107
Trd, 258691.283, 106
Trd, 258692.100, 102
Trd, 258692.133, 100
Trd, 258692.283, 107
Trd, 258692.533, 98
Trd, 258692.550, 109
Trd, 258693.083, 96
Trd, 258693.217, 105
Trd, 258693.467, 92
Trd, 258694.100, 97
Trd, 258694.300, 96
Trd, 258694.350, 106
Trd, 258694.467, 95
Trd, 258694.767, 86
Trd, 258694.983, 109
Trd, 258695.100, 112
Trd, 258695.617, 114
Trd, 258697.100, 101
Trd, 258697.217, 101
Trd, 258697.383, 97
Trd, 258697.900, 94
Trd, 258697.917, 98
Trd, 258698.033, 92
Trd, 258698.500, 92
Trd, 258698.517, 93
Trd, 258698.600, 100
Trd, 258700.133, 88
Trd, 258700.583, 100
Trd, 258700.833, 94
Trd, 258700.867, 99
Trd, 258701.017, 98
Trd, 258701.083, 101
Trd, 258701.200, 107
Trd, 258702.583, 106
Trd, 258702.767, 112
Trd, 258702.933, 101
Trd, 258703.650, 115
Trd, 258704.450, 103
Trd, 258704.600, 103
Trd, 258704.717, 113
Trd, 258705.083, 118
Trd, 258705.317, 100
Trd, 258705.433, 99
Trd, 258705.600, 120
Trd, 258705.683, 127
Trd, 258706.317, 98
Trd, 258706.517, 95
Trd, 258706.617, 100
Trd, 258707.250, 104
Trd, 258707.950, 105
Trd, 258708.233, 96
Trd, 258708.250, 102
Trd, 258708.617, 97
Trd, 258708.883, 109
Trd, 258709.283, 95
Trd, 258709.367, 93
Trd, 258710.217, 110
Trd, 258710.733, 109
Trd, 258711.000, 109
Trd, 258711.983, 108
Trd, 258712.100, 104
Trd, 258712.250, 95
Trd, 258712.600, 109
Trd, 258713.083, 102
Trd, 258714.067, 96
Trd, 258714.267, 95
Trd, 258715.533, 105
Trd, 258715.817, 106
Trd, 258715.967, 104
Trd, 258716.367, 97
Trd, 258716.917, 107
Trd, 258716.967, 109
Trd, 258717.267, 112
Trd, 258717.467, 116
Trd, 258717.550, 120
Trd, 258717.617, 101
Trd, 258717.917, 100
Trd, 258718.983, 99
Trd, 258719.033, 98
Trd, 258719.400, 97
Trd, 258719.833, 104
Trd, 258720.017, 108
Trd, 258720.083, 109
Trd, 258720.300, 117
Trd, 258721.433, 98
Trd, 258722.217, 100
Trd, 258722.533, 101
Trd, 258722.850, 108
Trd, 258723.100, 101
Trd, 258723.117, 98
Trd, 258723.833, 112
Trd, 258724.200, 105
Trd, 258724.567, 104
Trd, 258724.650, 97
Trd, 258724.867, 106
Trd, 258725.867, 108
Trd, 258726.517, 96
Trd, 258727.017, 109
Trd, 258727.450, 99
Trd, 258727.767, 95
Trd, 258728.183, 95
Trd, 258728.633, 100
Trd, 258728.933, 101
Trd, 258729.033, 101
Trd, 258729.383, 101
Trd, 258729.883, 100
Trd, 258730.450, 99
Trd, 258730.750, 100
Trd, 258730.850, 99
Trd, 258731.083, 98
Trd, 258732.850, 107
Trd, 258732.933, 107
Trd, 258733.017, 109
Trd, 258733.200, 103
Trd, 258733.217, 112
Trd, 258733.250, 95
Trd, 258733.617, 118
Trd, 258733.817, 127
Trd, 258734.850, 102
Trd, 258735.333, 108
Trd, 258735.700, 105
Trd, 258735.717, 102
Trd, 258735.817, 98
Trd, 258736.083, 94
Trd, 258736.850, 106
Trd, 258736.867, 103
Trd, 258737.383, 105
Trd, 258737.467, 112
Trd, 258737.850, 102
Trd, 258738.517, 102
Trd, 258738.983, 109
Trd, 258740.033, 115
Trd, 258740.483, 104
Trd, 258740.667, 107
Trd, 258741.167, 105
Trd, 258742.050, 101
Trd, 258742.117, 114
Trd, 258742.150, 100
Trd, 258742.267, 120
Trd, 258742.417, 99
Trd, 258742.433, 98
Trd, 258742.450, 95
Trd, 258742.917, 97
Trd, 258743.600, 98
Trd, 258743.667, 97
Trd, 258743.883, 107
Trd, 258744.550, 96
Trd, 258744.567, 109
Trd, 258744.833, 96
Trd, 258745.150, 94
Trd, 258745.333, 111
Trd, 258746.250, 96
Trd, 258746.550, 111
Trd, 258746.700, 114
Trd, 258746.783, 120
Trd, 258747.317, 108
Trd, 258748.150, 107
Trd, 258748.283, 106
Trd, 258748.667, 96
Trd, 258749.400, 106
Trd, 258750.133, 107
Trd, 258750.250, 114
Trd, 258751.117, 105
Trd, 258751.367, 111
Trd, 258751.933, 107
Trd, 258752.150, 105
Trd, 258752.267, 104
Trd, 258752.500, 112
Trd, 258752.817, 103
Trd, 258752.917, 98
Trd, 258753.233, 106
Trd, 258753.267, 94
Trd, 258754.050, 100
Trd, 258754.067, 102
Trd, 258754.133, 107
Trd, 258754.933, 109
Trd, 258755.233, 96
Trd, 258755.533, 111
Trd, 258756.750, 100
Trd, 258757.000, 99
Trd, 258757.133, 106
Trd, 258757.850, 96
Trd, 258758.233, 98
Trd, 258758.533, 100
Trd, 258758.917, 94
Trd, 258759.400, 98
Trd, 258759.667, 84
Trd, 258759.733, 100
Trd, 258760.017, 93
Trd, 258760.733, 100
Trd, 258761.083, 109
Trd, 258761.550, 102
Trd, 258761.667, 112
Trd, 258762.367, 102
Trd, 258762.867, 100
Trd, 258763.117, 115
Trd, 258763.217, 100
Trd, 258763.733, 100
Trd, 258763.917, 117
Trd, 258764.217, 99
Trd, 258764.817, 101
Trd, 258765.250, 108
Trd, 258765.400, 107
Trd, 258767.000, 113
Trd, 258767.117, 114
Trd, 258767.650, 103
Trd, 258767.767, 97
Trd, 258768.200, 105
Trd, 258768.583, 98
Trd, 258768.650, 95
Trd, 258768.683, 103
Trd, 258768.817, 95
Trd, 258769.033, 112
Trd, 258769.367, 94
Trd, 258769.567, 104
Trd, 258769.583, 103
Trd, 258769.700, 120
Trd, 258770.333, 97
Trd, 258770.533, 97
Trd, 258770.600, 96
Trd, 258771.683, 96
Trd, 258772.167, 99
Trd, 258773.067, 102
Trd, 258773.667, 109
Trd, 258774.867, 105
Trd, 258774.917, 102
Trd, 258774.950, 101
Trd, 258774.983, 101
Trd, 258775.333, 98
Trd, 258776.383, 93
Trd, 258776.600, 104
Trd, 258777.100, 104
Trd, 258777.117, 107
Trd, 258777.383, 114
Trd, 258777.867, 116
Trd, 258777.883, 109
Trd, 258778.300, 108
Trd, 258778.383, 119
Trd, 258779.100, 119
Trd, 258779.233, 102
Trd, 258779.350, 101
Trd, 258779.533, 120
Trd, 258780.317, 109
Trd, 258780.350, 108
Trd, 258780.533, 98
Trd, 258780.917, 94
Trd, 258781.117, 96
Trd, 258781.633, 98
Trd, 258782.667, 94
Trd, 258783.167, 103
Trd, 258783.200, 104
Trd, 258783.533, 93
Trd, 258784.083, 92
Trd, 258784.200, 91
Trd, 258784.267, 109
Trd, 258784.550, 90
Trd, 258785.050, 111
Trd, 258785.150, 117
Trd, 258785.383, 82
Trd, 258785.833, 111
Trd, 258785.850, 110
Trd, 258786.217, 111
Trd, 258786.433, 92
Trd, 258788.117, 101
Trd, 258788.483, 96
Trd, 258789.067, 97
Trd, 258789.133, 102
Trd, 258789.317, 97
Trd, 258789.417, 108
Trd, 258789.533, 96
Trd, 258790.567, 105
Trd, 258790.733, 105
Trd, 258790.983, 99
Trd, 258791.283, 98
Trd, 258791.767, 109
Trd, 258792.417, 106
Trd, 258792.667, 94
Trd, 258792.850, 105
Trd, 258793.017, 93
Trd, 258793.150, 96
Trd, 258793.950, 96
Trd, 258794.883, 104
Trd, 258794.900, 95
Trd, 258795.400, 103
Trd, 258795.567, 109
Trd, 258795.583, 112
Trd, 258796.417, 105
Trd, 258796.450, 98
Trd, 258796.767, 101
Trd, 258797.000, 103
Trd, 258797.100, 117
Trd, 258798.367, 100
Trd, 258798.500, 99
Trd, 258798.767, 99
Trd, 258798.867, 98
Trd, 258799.067, 109
Trd, 258799.267, 96
Trd, 258800.067, 106
Trd, 258800.117, 94
Trd, 258800.800, 104
Trd, 258801.900, 101
Trd, 258803.017, 102
Trd, 258803.550, 104
Trd, 258803.583, 105
Trd, 258803.700, 105
Trd, 258804.583, 101
Trd, 258804.633, 106
Trd, 258804.917, 98
Trd, 258805.067, 97
Trd, 258805.633, 105
Trd, 258806.017, 103
Trd, 258806.917, 109
Trd, 258807.167, 104
Trd, 258807.250, 103
Trd, 258807.300, 100
Trd, 258807.317, 109
Trd, 258807.867, 98
Trd, 258808.183, 109
Trd, 258808.267, 108
Trd, 258808.450, 94
Trd, 258808.517, 111
Trd, 258809.167, 107
Trd, 258809.467, 82
Trd, 258809.817, 112
Trd, 258810.017, 95
Trd, 258810.067, 94
Trd, 258810.317, 112
Trd, 258810.633, 117
Trd, 258810.883, 105
Trd, 258811.267, 109
Trd, 258811.833, 105
Trd, 258812.033, 105
Trd, 258812.517, 104
Trd, 258812.633, 102
Trd, 258813.333, 96
Trd, 258814.117, 95
Trd, 258814.650, 95
Trd, 258814.717, 104
Trd, 258814.800, 92
Trd, 258815.500, 90
Trd, 258815.967, 102
Trd, 258816.717, 103
Trd, 258816.933, 104
Trd, 258817.117, 97
Trd, 258817.667, 109
Trd, 258818.433, 99
Trd, 258818.533, 99
Trd, 258818.700, 103
Trd, 258818.900, 110
Trd, 258819.067, 99
Trd, 258820.100, 110
Trd, 258820.117, 102
Trd, 258820.250, 117
Trd, 258820.500, 117
Trd, 258820.717, 114
Trd, 258820.767, 102
Trd, 258821.383, 101
Trd, 258821.783, 109
Trd, 258821.933, 115
Trd, 258822.150, 105
Trd, 258823.483, 112
Trd, 258823.567, 100
Trd, 258823.717, 98
Trd, 258823.950, 94
Trd, 258825.417, 107
Trd, 258825.600, 107
Trd, 258827.117, 110
Trd, 258827.467, 103
Trd, 258827.617, 102
Trd, 258827.767, 110
Trd, 258828.200, 109
Trd, 258828.317, 104
Trd, 258828.400, 109
Trd, 258828.600, 100
Trd, 258828.800, 111
Trd, 258828.833, 112
Trd, 258828.900, 97
Trd, 258828.967, 94
Trd, 258829.533, 119
Trd, 258829.950, 110
Trd, 258830.100, 101
Trd, 258831.683, 114
Trd, 258831.817, 100
Trd, 258832.250, 100
Trd, 258832.317, 114
Trd, 258832.583, 99
Trd, 258832.833, 102
Trd, 258832.983, 108
Trd, 258833.550, 112
Trd, 258833.567, 93
Trd, 258834.000, 98
Trd, 258834.483, 116
Trd, 258834.617, 107
Trd, 258834.767, 105
Trd, 258835.183, 118
Trd, 258835.617, 98
Trd, 258836.017, 103
Trd, 258837.100, 108
Trd, 258837.200, 112
Trd, 258837.233, 105
Trd, 258837.767, 104
Trd, 258838.017, 103
Trd, 258838.400, 108
Trd, 258839.033, 103
Trd, 258839.133, 105
Trd, 258839.700, 109
Trd, 258840.050, 103
Trd, 258840.250, 112
Trd, 258840.333, 102
Trd, 258841.250, 94
Trd, 258841.600, 96
Trd, 258842.750, 104
Trd, 258842.783, 107
Trd, 258842.800, 109
Trd, 258842.867, 103
Trd, 258843.117, 110
Trd, 258843.900, 111
Trd, 258844.750, 101
Trd, 258845.483, 101
Trd, 258845.683, 103
Trd, 258845.983, 105
Trd, 258846.317, 96
Trd, 258846.450, 109
Trd, 258847.033, 98
Trd, 258848.433, 102
Trd, 258848.700, 106
Trd, 258848.950, 102
Trd, 258849.717, 111
Trd, 258849.733, 103
Trd, 258850.000, 102
Trd, 258850.167, 106
Trd, 258850.350, 112
Trd, 258850.850, 102
Trd, 258850.967, 101
Trd, 258851.350, 118
Trd, 258851.450, 98
Trd, 258851.767, 96
Trd, 258851.950, 95
Trd, 258852.933, 103
Trd, 258853.367, 100
Trd, 258854.350, 104
Trd, 258854.783, 104
Trd, 258855.017, 103
Trd, 258855.217, 102
Trd, 258855.500, 101
Trd, 258856.083, 101
Trd, 258856.267, 107
Trd, 258856.283, 109
Trd, 258856.367, 109
Trd, 258856.633, 108
Trd, 258856.667, 112
Trd, 258857.450, 98
Trd, 258857.767, 97
Trd, 258857.833, 103
Trd, 258857.850, 95
Trd, 258859.283, 97
Trd, 258859.867, 97
Trd, 258859.883, 98
Trd, 258860.317, 97
Trd, 258860.550, 107
Trd, 258861.883, 92
Trd, 258862.667, 99
Trd, 258862.800, 100
Trd, 258863.050, 99
Trd, 258863.150, 95
Trd, 258863.517, 95
Trd, 258863.933, 104
Trd, 258865.083, 97
Trd, 258865.100, 107
Trd, 258865.133, 96
Trd, 258865.600, 109
Trd, 258865.667, 112
Trd, 258865.767, 97
Trd, 258866.567, 99
Trd, 258867.000, 106
Trd, 258867.017, 96
Trd, 258868.233, 109
Trd, 258868.433, 103
Trd, 258868.550, 110
Trd, 258868.650, 111
Trd, 258869.283, 101
Trd, 258869.300, 112
Trd, 258869.917, 115
Trd, 258870.917, 111
Trd, 258871.017, 108
Trd, 258871.167, 98
Trd, 258871.267, 112
Trd, 258871.417, 98
Trd, 258871.483, 95
Trd, 258871.583, 94
Trd, 258872.567, 112
Trd, 258872.817, 114
Trd, 258872.967, 104
Trd, 258873.033, 103
Trd, 258873.617, 104
Trd, 258874.183, 101
Trd, 258874.633, 107
Trd, 258875.100, 109
Trd, 258875.467, 104
Trd, 258876.650, 104
Trd, 258876.833, 104
Trd, 258877.200, 115
Trd, 258877.283, 116
Trd, 258877.600, 113
Trd, 258877.700, 115
Trd, 258877.900, 99
Trd, 258878.167, 109
Trd, 258878.567, 106
Trd, 258878.833, 98
Trd, 258879.300, 96
Trd, 258879.600, 97
Trd, 258880.067, 106
Trd, 258880.100, 98
Trd, 258880.150, 95
Trd, 258881.317, 109
Trd, 258881.500, 92
Trd, 258881.933, 91
Trd, 258882.350, 119
Trd, 258882.600, 104
Trd, 258883.417, 115
Trd, 258883.583, 115
Trd, 258884.417, 95
Trd, 258884.667, 97
Trd, 258884.717, 116
Trd, 258884.950, 118
Trd, 258885.117, 95
Trd, 258885.400, 116
Trd, 258886.017, 97
Trd, 258887.083, 94
Trd, 258887.567, 100
Trd, 258887.850, 101
Trd, 258888.150, 109
Trd, 258888.267, 101
Trd, 258888.350, 100
Trd, 258888.383, 117
Trd, 258889.900, 99
Trd, 258890.067, 100
Trd, 258890.333, 108
Trd, 258890.433, 112
Trd, 258890.567, 99
Trd, 258890.633, 98
Trd, 258890.967, 94
Trd, 258891.583, 98
Trd, 258891.683, 94
Trd, 258891.733, 92
Trd, 258891.750, 101
Trd, 258891.867, 115
Trd, 258891.883, 116
Trd, 258892.250, 120
Trd, 258892.533, 103
Trd, 258893.717, 101
Trd, 258894.233, 82
Trd, 258895.917, 99
Trd, 258896.250, 99
Trd, 258896.350, 103
Trd, 258896.783, 107
Trd, 258897.583, 100
Trd, 258897.833, 98
Trd, 258898.150, 108
Trd, 258898.317, 111
Trd, 258898.783, 98
Trd, 258899.250, 98
Trd, 258899.633, 104
Trd, 258899.767, 107
Trd, 258900.200, 96
Trd, 258900.683, 95
Trd, 258901.583, 96
Trd, 258901.667, 109
Trd, 258902.433, 95
Trd, 258902.567, 98
Trd, 258902.767, 94
Trd, 258903.017, 101
Trd, 258903.767, 109
Trd, 258904.000, 94
Trd, 258904.050, 111
Trd, 258904.383, 102
Trd, 258905.450, 100
Trd, 258905.467, 101
Trd, 258906.300, 104
Trd, 258906.633, 115
Trd, 258906.683, 99
Trd, 258907.367, 119
Trd, 258907.567, 99
Trd, 258908.267, 100
Trd, 258908.517, 99
Trd, 258909.067, 101
Trd, 258909.250, 104
Trd, 258909.700, 105
Trd, 258910.250, 99
Trd, 258910.300, 100
Trd, 258910.400, 99
Trd, 258910.683, 99
Trd, 258910.783, 100
Trd, 258910.850, 112
Trd, 258911.400, 122
Trd, 258911.667, 104
Trd, 258911.967, 101
Trd, 258912.100, 111
Trd, 258912.283, 112
Trd, 258912.517, 98
Trd, 258913.233, 114
Trd, 258914.000, 105
Trd, 258914.500, 115
Trd, 258915.117, 104
Trd, 258915.400, 112
Trd, 258915.517, 97
Trd, 258915.733, 96
Trd, 258915.883, 118
Trd, 258916.167, 119
Trd, 258916.567, 120
Trd, 258917.550, 117
Trd, 258918.017, 109
Trd, 258918.167, 106
Trd, 258918.733, 102
Trd, 258919.033, 94
Trd, 258919.750, 96
Trd, 258919.833, 95
Trd, 258920.017, 94
Trd, 258920.883, 103
Trd, 258921.150, 96
Trd, 258921.600, 115
Trd, 258921.700, 116
Trd, 258921.750, 120
Trd, 258922.383, 102
Trd, 258922.500, 106
Trd, 258923.983, 100
Trd, 258924.350, 105
Trd, 258924.500, 104
Trd, 258924.667, 107
Trd, 258924.883, 111
Trd, 258925.150, 100
Trd, 258925.683, 99
Trd, 258925.800, 98
Trd, 258926.900, 95
Trd, 258926.950, 97
Trd, 258926.967, 103
Trd, 258927.400, 96
Trd, 258928.183, 98
Trd, 258928.250, 96
Trd, 258929.167, 103
Trd, 258929.667, 104
Trd, 258929.717, 103
Trd, 258930.483, 103
Trd, 258930.783, 102
Trd, 258931.183, 99
Trd, 258932.017, 103
Trd, 258932.067, 101
Trd, 258932.433, 99
Trd, 258932.617, 109
Trd, 258932.667, 98
Trd, 258932.867, 95
Trd, 258933.533, 95
Trd, 258933.567, 107
Trd, 258933.750, 92
Trd, 258933.783, 86
Trd, 258934.317, 94
Trd, 258934.633, 104
Trd, 258935.650, 91
Trd, 258936.133, 84
Trd, 258936.567, 108
Trd, 258936.767, 112
Trd, 258937.017, 114
Trd, 258937.400, 114
Trd, 258937.600, 113
Trd, 258937.950, 103
Trd, 258938.017, 88
Trd, 258938.217, 87
Trd, 258938.833, 115
Trd, 258939.017, 101
Trd, 258939.467, 94
Trd, 258939.500, 97
Trd, 258939.783, 76
Trd, 258940.067, 100
Trd, 258940.500, 77
Trd, 258940.600, 97
Trd, 258941.050, 98
Trd, 258942.067, 104
Trd, 258942.400, 108
Trd, 258942.717, 95
Trd, 258943.733, 103
Trd, 258943.783, 95
Trd, 258943.900, 109
Trd, 258943.967, 95
Trd, 258945.083, 111
Trd, 258945.483, 100
Trd, 258945.533, 97
Trd, 258945.750, 92
Trd, 258946.450, 93
Trd, 258946.467, 95
Trd, 258946.833, 97
Trd, 258947.583, 94
Trd, 258947.783, 104
Trd, 258948.233, 95
Trd, 258948.350, 103
Trd, 258949.117, 103
Trd, 258949.383, 103
Trd, 258949.483, 107
Trd, 258949.850, 101
Trd, 258950.650, 101
Trd, 258950.667, 107
Trd, 258950.700, 109
Trd, 258950.900, 101
Trd, 258951.267, 100
Trd, 258952.067, 104
Trd, 258952.650, 100
Trd, 258952.700, 106
Trd, 258953.317, 99
Trd, 258953.367, 109
Trd, 258953.383, 98
Trd, 258953.883, 101
Trd, 258954.983, 112
Trd, 258955.383, 107
Trd, 258955.400, 96
Trd, 258955.517, 120
Trd, 258956.267, 97
Trd, 258957.433, 100
Trd, 258957.450, 99
Trd, 258958.117, 102
Trd, 258958.517, 95
Trd, 258959.017, 101
Trd, 258959.083, 111
Trd, 258959.367, 110
Trd, 258959.433, 113
Trd, 258959.900, 89
Trd, 258959.950, 113
Trd, 258960.383, 99
Trd, 258960.633, 109
Trd, 258960.917, 95
Trd, 258960.933, 115
Trd, 258961.000, 93
Trd, 258961.567, 117
Trd, 258962.050, 103
Trd, 258962.567, 92
Trd, 258963.950, 99
Trd, 258964.667, 98
Trd, 258965.300, 98
Trd, 258965.367, 106
Trd, 258966.183, 107
Trd, 258966.350, 101
Trd, 258966.950, 107
Trd, 258968.167, 97
Trd, 258968.350, 104
Trd, 258968.683, 95
Trd, 258968.900, 96
Trd, 258969.150, 105
Trd, 258969.167, 109
Trd, 258969.650, 109
Trd, 258969.750, 105
Trd, 258970.183, 112
Trd, 258970.233, 95
Trd, 258970.900, 93
Trd, 258971.067, 116
Trd, 258971.617, 110
Trd, 258971.833, 117
Trd, 258971.883, 125
Trd, 258972.100, 123
Trd, 258972.700, 110
Trd, 258973.250, 100
Trd, 258973.417, 97
Trd, 258974.200, 104
Trd, 258974.267, 103
Trd, 258974.650, 98
Trd, 258974.817, 106
Trd, 258975.450, 96
Trd, 258976.483, 97
Trd, 258976.683, 96
Trd, 258977.283, 105
Trd, 258977.717, 108
Trd, 258977.733, 103
Trd, 258978.100, 112
Trd, 258978.467, 104
Trd, 258978.500, 113
Trd, 258979.150, 102
Trd, 258979.300, 115
Trd, 258979.617, 95
Trd, 258980.167, 98
Trd, 258980.667, 97
Trd, 258981.683, 105
Trd, 258981.817, 104
Trd, 258981.933, 96
Trd, 258982.100, 94
Trd, 258982.217, 106
Trd, 258982.267, 101
Trd, 258982.633, 96
Trd, 258982.767, 94
Trd, 258983.133, 108
Trd, 258983.500, 100
Trd, 258983.667, 109
Trd, 258983.800, 95
Trd, 258984.567, 93
Trd, 258985.250, 108
Trd, 258985.483, 93
Trd, 258986.083, 115
Trd, 258986.233, 88
Trd, 258986.733, 120
Trd, 258986.833, 124
Trd, 258987.150, 111
Trd, 258988.917, 114
Trd, 258989.200, 104
Trd, 258989.583, 113
Trd, 258990.133, 106
Trd, 258990.383, 106
Trd, 258990.550, 109
Trd, 258990.583, 107
Trd, 258991.033, 101
Trd, 258991.350, 99
Trd, 258991.567, 98
Trd, 258991.817, 109
Trd, 258991.967, 98
Trd, 258992.100, 110
Trd, 258992.483, 95
Trd, 258992.800, 101
Trd, 258993.183, 99
Trd, 258993.733, 120
Trd, 258994.417, 105
Trd, 258994.833, 97
Trd, 258995.100, 106
Trd, 258995.233, 103
Trd, 258995.333, 103
Trd, 258996.033, 98
Trd, 258996.317, 99
Trd, 258996.933, 111
Trd, 258997.367, 99
Trd, 258997.567, 105
Trd, 258997.633, 108
Trd, 258997.917, 109
Trd, 258998.083, 108
Trd, 258998.100, 107
Trd, 258998.133, 112
Trd, 258999.600, 103
Trd, 259000.017, 103
Trd, 259000.250, 105
Trd, 259001.633, 105
Trd, 259001.817, 100
Trd, 259002.633, 97
Trd, 259003.283, 109
Trd, 259003.350, 120
Trd, 259003.550, 122
Trd, 259003.650, 98
Trd, 259003.867, 98
Trd, 259004.267, 97
Trd, 259004.700, 95
Trd, 259004.883, 106
Trd, 259005.550, 103
Trd, 259005.717, 100
Trd, 259005.967, 94
Trd, 259006.267, 107
Trd, 259007.133, 101
Trd, 259007.200, 105
Trd, 259007.500, 100
Trd, 259007.517, 98
Trd, 259007.633, 109
Trd, 259008.100, 99
Trd, 259008.700, 98
Trd, 259010.167, 99
Trd, 259010.233, 96
Trd, 259010.283, 100
Trd, 259010.767, 108
Trd, 259010.800, 109
Trd, 259010.867, 112
Trd, 259011.367, 107
Trd, 259011.700, 95
Trd, 259012.250, 95
Trd, 259013.183, 95
Trd, 259013.800, 99
Trd, 259014.417, 99
Trd, 259014.500, 109
Trd, 259014.550, 110
Trd, 259014.650, 98
Trd, 259014.750, 112
Trd, 259015.000, 95
Trd, 259016.300, 97
Trd, 259017.000, 95
Trd, 259017.050, 99
Trd, 259017.100, 103
Trd, 259017.933, 95
Trd, 259018.083, 104
Trd, 259018.883, 108
Trd, 259019.367, 110
Trd, 259019.450, 112
Trd, 259019.633, 109
Trd, 259020.517, 97
Trd, 259021.050, 95
Trd, 259021.333, 97
Trd, 259021.783, 98
Trd, 259022.800, 98
Trd, 259023.300, 110
Trd, 259023.350, 95
Trd, 259023.450, 112
Trd, 259023.500, 96
Trd, 259024.067, 109
Trd, 259024.150, 105
Trd, 259024.283, 103
Trd, 259024.650, 94
Trd, 259024.750, 95
Trd, 259024.800, 106
Trd, 259026.100, 112
Trd, 259026.250, 108
Trd, 259027.117, 105
Trd, 259027.400, 109
Trd, 259027.767, 97
Trd, 259028.033, 97
Trd, 259028.183, 98
Trd, 259028.900, 108
Trd, 259029.333, 102
Trd, 259029.367, 109
Trd, 259029.567, 112
Trd, 259029.667, 101
Trd, 259030.117, 101
Trd, 259030.250, 116
Trd, 259031.017, 99
Trd, 259031.133, 103
Trd, 259031.250, 128
Trd, 259031.350, 98
Trd, 259032.883, 101
Trd, 259032.917, 104
Trd, 259033.200, 94
Trd, 259033.717, 95
Trd, 259033.917, 96
Trd, 259034.533, 99
Trd, 259034.933, 95
Trd, 259035.283, 104
Trd, 259035.700, 109
Trd, 259035.900, 104
Trd, 259035.950, 98
Trd, 259036.800, 108
Trd, 259036.983, 106
Trd, 259037.250, 109
Trd, 259037.583, 112
Trd, 259037.933, 98
Trd, 259038.267, 92
Trd, 259038.700, 83
Trd, 259039.417, 102
Trd, 259039.433, 103
Trd, 259040.083, 103
Trd, 259040.350, 107
Trd, 259040.367, 93
Trd, 259040.517, 107
Trd, 259040.667, 92
Trd, 259041.200, 115
Trd, 259041.400, 94
Trd, 259041.683, 89
Trd, 259041.900, 81
Trd, 259042.883, 81
Trd, 259043.067, 82
Trd, 259043.700, 102
Trd, 259044.483, 105
Trd, 259045.167, 95
Trd, 259045.250, 104
Trd, 259045.383, 105
Trd, 259045.817, 93
Trd, 259045.850, 108
Trd, 259046.117, 112
Trd, 259046.817, 96
Trd, 259046.900, 109
Trd, 259047.150, 117
Trd, 259047.650, 100
Trd, 259047.717, 99
Trd, 259048.033, 116
Trd, 259048.867, 113
Trd, 259049.117, 114
Trd, 259049.350, 98
Trd, 259049.567, 94
Trd, 259049.617, 108
Trd, 259049.933, 120
Trd, 259050.750, 98
Trd, 259051.017, 94
Trd, 259051.517, 101
Trd, 259051.850, 102
Trd, 259052.450, 102
Trd, 259052.500, 106
Trd, 259052.950, 109
Trd, 259053.183, 112
Trd, 259054.017, 116
Trd, 259054.033, 115
Trd, 259054.083, 99
Trd, 259054.333, 120
Trd, 259054.817, 98
Trd, 259055.383, 110
Trd, 259055.450, 105
Trd, 259055.517, 104
Trd, 259055.733, 106
Trd, 259055.783, 94
Trd, 259056.083, 90
Trd, 259057.033, 102
Trd, 259057.317, 111
Trd, 259057.483, 112
Trd, 259057.500, 87
Trd, 259058.567, 86
Trd, 259058.750, 100
Trd, 259059.767, 94
Trd, 259060.000, 102
Trd, 259060.250, 88
Trd, 259060.517, 106
Trd, 259060.850, 102
Trd, 259061.050, 108
Trd, 259061.117, 104
Trd, 259061.583, 97
Trd, 259062.083, 98
Trd, 259063.083, 99
Trd, 259063.750, 103
Trd, 259063.967, 105
Trd, 259064.017, 105
Trd, 259064.650, 103
Trd, 259064.883, 102
Trd, 259066.150, 98
Trd, 259066.733, 98
Trd, 259066.867, 106
Trd, 259066.900, 108
Trd, 259067.150, 109
Trd, 259067.317, 99
Trd, 259067.750, 94
Trd, 259067.817, 113
Trd, 259067.883, 115
Trd, 259069.967, 103
Trd, 259070.150, 104
Trd, 259070.367, 101
Trd, 259070.433, 99
Trd, 259070.567, 109
Trd, 259070.800, 98
Trd, 259070.917, 105
Trd, 259071.000, 98
Trd, 259071.483, 93
Trd, 259071.900, 99
Trd, 259072.550, 95
Trd, 259072.867, 94
Trd, 259073.567, 99
Trd, 259074.017, 88
Trd, 259074.817, 100
Trd, 259075.100, 98
Trd, 259075.517, 101
Trd, 259075.550, 102
Trd, 259075.650, 109
Trd, 259075.950, 118
Trd, 259077.783, 105
Trd, 259078.133, 105
Trd, 259078.300, 99
Trd, 259078.317, 93
Trd, 259078.667, 102
Trd, 259079.650, 90
Trd, 259079.800, 102
Trd, 259080.700, 101
Trd, 259080.933, 101
Trd, 259080.967, 102
Trd, 259081.050, 106
Trd, 259081.483, 109
Trd, 259081.717, 101
Trd, 259081.733, 112
Trd, 259081.983, 101
Trd, 259082.017, 119
Trd, 259082.383, 103
Trd, 259083.000, 102
Trd, 259083.500, 97
Trd, 259084.267, 98
Trd, 259084.383, 119
Trd, 259085.433, 96
Trd, 259086.083, 97
Trd, 259086.650, 100
Trd, 259086.700, 98
Trd, 259086.800, 95
Trd, 259086.817, 102
Trd, 259087.033, 93
Trd, 259087.117, 106
Trd, 259088.150, 107
Trd, 259088.783, 108
Trd, 259089.083, 112
Trd, 259089.117, 95
Trd, 259089.233, 95
Trd, 259089.467, 105
Trd, 259090.017, 94
Trd, 259090.367, 112
Trd, 259091.483, 104
Trd, 259091.500, 105
Trd, 259091.717, 106
Trd, 259092.167, 111
Trd, 259092.950, 112
Trd, 259093.050, 115
Trd, 259094.017, 105
Trd, 259094.183, 113
Trd, 259094.333, 100
Trd, 259094.883, 100
Trd, 259094.967, 99
Trd, 259095.283, 98
Trd, 259095.417, 104
Trd, 259095.750, 115
Trd, 259095.850, 115
Trd, 259096.583, 104
Trd, 259096.967, 101
Trd, 259097.133, 99
Trd, 259097.650, 105
Trd, 259097.783, 94
Trd, 259097.833, 94
Trd, 259098.517, 101
Trd, 259099.017, 94
Trd, 259099.283, 95
Trd, 259100.667, 99
Trd, 259100.767, 98
Trd, 259100.850, 105
Trd, 259101.100, 109
Trd, 259101.183, 103
Trd, 259101.267, 110
Trd, 259101.700, 93
Trd, 259102.167, 109
Trd, 259102.450, 88
Trd, 259102.900, 111
Trd, 259104.117, 97
Trd, 259104.217, 112
Trd, 259104.683, 116
Trd, 259105.067, 98
Trd, 259105.283, 96
Trd, 259105.383, 101
Trd, 259105.667, 94
Trd, 259106.167, 108
Trd, 259106.200, 95
Trd, 259106.567, 111
Trd, 259106.767, 112
Trd, 259106.800, 95
Trd, 259106.917, 91
Trd, 259107.717, 106
Trd, 259108.050, 114
Trd, 259109.067, 93
Trd, 259109.350, 98
Trd, 259109.583, 91
Trd, 259110.050, 96
Trd, 259110.300, 98
Trd, 259110.817, 100
Trd, 259111.050, 101
Trd, 259111.133, 109
Trd, 259111.300, 99
Trd, 259111.467, 95
Trd, 259111.517, 93
Trd, 259113.000, 107
Trd, 259113.583, 96
Trd, 259113.900, 98
Trd, 259114.017, 96
Trd, 259114.100, 106
Trd, 259114.867, 114
Trd, 259115.150, 104
Trd, 259115.267, 100
Trd, 259115.417, 105
Trd, 259116.150, 98
Trd, 259116.400, 98
Trd, 259116.950, 99
Trd, 259117.800, 111
Trd, 259118.450, 112
Trd, 259118.733, 106
Trd, 259118.983, 106
Trd, 259119.250, 113
Trd, 259119.267, 117
Trd, 259119.283, 112
Trd, 259119.417, 120
Trd, 259119.633, 105
Trd, 259120.417, 119
Trd, 259120.433, 105
Trd, 259121.283, 104
Trd, 259121.333, 110
Trd, 259121.883, 93
Trd, 259122.833, 96
Trd, 259123.283, 101
Trd, 259123.467, 105
Trd, 259123.600, 106
Trd, 259123.767, 107
Trd, 259123.817, 112
Trd, 259124.400, 101
Trd, 259124.500, 99
Trd, 259124.717, 98
Trd, 259124.917, 111
Trd, 259125.650, 112
Trd, 259125.767, 95
Trd, 259126.917, 93
Trd, 259127.200, 87
Trd, 259127.650, 100
Trd, 259127.717, 101
Trd, 259128.650, 107
Trd, 259128.900, 109
Trd, 259129.050, 112
Trd, 259129.367, 104
Trd, 259130.683, 102
Trd, 259130.700, 106
Trd, 259130.800, 113
Trd, 259131.183, 109
Trd, 259131.700, 114
Trd, 259131.933, 119
Trd, 259132.733, 108
Trd, 259132.967, 109
Trd, 259133.100, 107
Trd, 259133.967, 108
Trd, 259134.000, 107
Trd, 259134.317, 98
Trd, 259134.750, 100
Trd, 259134.950, 98
Trd, 259135.067, 95
Trd, 259135.200, 104
Trd, 259135.950, 100
Trd, 259136.200, 101
Trd, 259136.583, 108
Trd, 259136.817, 98
Trd, 259136.933, 112
Trd, 259137.133, 96
Trd, 259137.750, 93
Trd, 259137.800, 101
Trd, 259138.367, 100
Trd, 259138.383, 88
Trd, 259139.283, 106
Trd, 259139.617, 108
Trd, 259139.850, 108
Trd, 259140.250, 109
Trd, 259140.617, 99
Trd, 259140.683, 105
Trd, 259141.133, 99
Trd, 259141.200, 98
Trd, 259141.333, 96
Trd, 259141.750, 120
Trd, 259142.650, 103
Trd, 259143.000, 108
Trd, 259143.100, 109
Trd, 259143.650, 101
Trd, 259144.250, 103
Trd, 259144.283, 99
Trd, 259145.283, 106
Trd, 259145.333, 112
Trd, 259145.667, 99
Trd, 259146.067, 114
Trd, 259146.150, 115
Trd, 259146.283, 98
Trd, 259146.867, 101
Trd, 259147.417, 96
Trd, 259147.617, 95
Trd, 259148.683, 95
Trd, 259148.767, 92
Trd, 259148.933, 89
Trd, 259149.233, 100
Trd, 259149.650, 100
Trd, 259149.717, 98
Trd, 259150.367, 89
Trd, 259150.500, 84
Trd, 259150.983, 96
Trd, 259151.433, 109
Trd, 259151.583, 111
Trd, 259152.300, 117
Trd, 259152.400, 120
Trd, 259152.733, 123
Trd, 259152.850, 102
Trd, 259153.467, 101
Trd, 259153.733, 101
Trd, 259154.200, 100
Trd, 259154.517, 106
Trd, 259154.733, 108
Trd, 259154.950, 97
Trd, 259155.867, 105
Trd, 259156.217, 98
Trd, 259156.233, 106
Trd, 259157.133, 109
Trd, 259157.417, 102
Trd, 259157.833, 99
Trd, 259158.600, 101
Trd, 259158.633, 103
Trd, 259158.933, 96
Trd, 259158.983, 109
Trd, 259159.217, 95
Trd, 259159.317, 111
Trd, 259160.333, 97
Trd, 259160.967, 98
Trd, 259161.317, 97
Trd, 259161.900, 117
Trd, 259162.350, 117
Trd, 259162.733, 99
Trd, 259162.800, 116
Trd, 259163.267, 98
Trd, 259163.850, 100
Trd, 259164.050, 99
Trd, 259164.317, 99
Trd, 259164.417, 97
Trd, 259164.583, 95
Trd, 259165.233, 98
Trd, 259166.033, 96
Trd, 259166.050, 102
Trd, 259166.983, 95
Trd, 259167.100, 109
Trd, 259167.583, 113
Trd, 259167.800, 102
Trd, 259167.883, 107
Trd, 259168.883, 97
Trd, 259169.017, 95
Trd, 259169.067, 98
Trd, 259169.950, 99
Trd, 259170.033, 107
Trd, 259170.133, 95
Trd, 259170.150, 112
Trd, 259170.933, 93
Trd, 259170.950, 118
Trd, 259171.750, 101
Trd, 259172.000, 112
Trd, 259172.067, 117
Trd, 259172.267, 95
Trd, 259173.167, 94
Trd, 259174.567, 97
Trd, 259174.733, 100
Trd, 259176.000, 102
Trd, 259176.367, 103
Trd, 259176.500, 102
Trd, 259176.533, 101
Trd, 259176.783, 111
Trd, 259177.150, 102
Trd, 259177.267, 112
Trd, 259177.533, 106
Trd, 259177.583, 103
Trd, 259177.867, 100
Trd, 259178.100, 102
Trd, 259178.333, 99
Trd, 259178.433, 98
Trd, 259178.833, 109
Trd, 259179.017, 112
Trd, 259179.750, 104
Trd, 259181.567, 108
Trd, 259181.650, 115
Trd, 259181.683, 105
Trd, 259182.017, 106
Trd, 259182.083, 94
Trd, 259182.200, 109
Trd, 259182.717, 115
Trd, 259184.133, 119
Trd, 259184.200, 118
Trd, 259184.667, 120
Trd, 259184.700, 117
Trd, 259185.533, 109
Trd, 259186.117, 102
Trd, 259187.083, 103
Trd, 259187.300, 97
Trd, 259187.800, 108
Trd, 259188.083, 96
Trd, 259188.517, 98
Trd, 259188.550, 95
Trd, 259188.933, 109
Trd, 259189.000, 109
Trd, 259189.833, 107
Trd, 259190.117, 100
Trd, 259190.700, 100
Trd, 259191.733, 104
Trd, 259192.100, 109
Trd, 259192.633, 104
Trd, 259192.650, 103
Trd, 259193.633, 105
Trd, 259193.950, 116
Trd, 259194.583, 107
Trd, 259194.867, 102
Trd, 259195.033, 104
Trd, 259195.550, 103
Trd, 259195.950, 107
Trd, 259196.033, 100
Trd, 259196.567, 104
Trd, 259197.450, 109
Trd, 259197.833, 111
Trd, 259197.967, 112
Trd, 259198.433, 124
Trd, 259198.467, 122
Trd, 259198.517, 106
Trd, 259199.183, 118
Trd, 259199.383, 128
Trd, 259199.633, 100
