Trd, 258517.000, 104
Trd, 258517.767, 111
Trd, 258518.283, 95
Trd, 258518.333, 112
Trd, 258518.483, 115
Trd, 258519.400, 114
Trd, 258520.050, 108
Trd, 258521.033, 108
Trd, 258521.733, 107
Trd, 258521.883, 104
Trd, 258521.950, 110
Trd, 258522.067, 111
Trd, 258522.667, 106
Trd, 258523.233, 107
Trd, 258523.333, 106
Trd, 258523.683, 94
Trd, 258524.200, 112
Trd, 258524.550, 112
Trd, 258524.583, 96
Trd, 258525.367, 96
Trd, 258525.383, 95
Trd, 258525.700, 106
Trd, 258525.967, 102
Trd, 258526.133, 110
Trd, 258527.083, 99
Trd, 258527.800, 101
Trd, 258527.967, 100
Trd, 258528.233, 100
Trd, 258528.317, 100
Trd, 258529.617, 98
Trd, 258529.633, 100
Trd, 258529.650, 97
Trd, 258529.917, 92
Trd, 258531.133, 104
Trd, 258531.167, 99
Trd, 258531.567, 106
Trd, 258531.717, 102
Trd, 258531.900, 107
Trd, 258532.600, 101
Trd, 258532.650, 102
Trd, 258532.700, 95
Trd, 258532.800, 90
Trd, 258532.950, 87
Trd, 258534.000, 91
Trd, 258534.517, 92
Trd, 258535.083, 102
Trd, 258535.267, 100
Trd, 258535.500, 102
Trd, 258536.617, 105
Trd, 258536.883, 107
Trd, 258537.200, 103
Trd, 258537.350, 104
Trd, 258538.067, 104
Trd, 258538.117, 104
Trd, 258538.433, 103
Trd, 258538.650, 104
Trd, 258538.800, 105
Trd, 258539.650, 107
Trd, 258540.033, 100
Trd, 258540.283, 101
Trd, 258540.367, 102
Trd, 258540.567, 109
Trd, 258541.000, 115
Trd, 258541.250, 100
Trd, 258541.600, 99
Trd, 258542.550, 105
Trd, 258543.000, 101
Trd, 258543.150, 99
Trd, 258543.483, 103
Trd, 258543.583, 104
Trd, 258544.367, 100
Trd, 258544.400, 103
Trd, 258544.733, 98
Trd, 258545.233, 105
Trd, 258545.417, 102
Trd, 258545.600, 101
Trd, 258545.800, 107
Trd, 258546.083, 107
Trd, 258546.700, 104
Trd, 258547.217, 107
Trd, 258547.633, 108
Trd, 258547.967, 107
Trd, 258548.267, 104
Trd, 258548.467, 104
Trd, 258548.850, 108
Trd, 258548.967, 104
Trd, 258549.217, 109
Trd, 258549.683, 95
Trd, 258549.967, 92
Trd, 258550.650, 103
Trd, 258551.567, 104
Trd, 258552.283, 103
Trd, 258552.433, 104
Trd, 258552.733, 104
Trd, 258552.833, 104
Trd, 258553.700, 105
Trd, 258553.750, 101
Trd, 258554.000, 106
Trd, 258554.233, 98
Trd, 258554.600, 92
Trd, 258554.667, 103
Trd, 258554.933, 90
Trd, 258555.567, 103
Trd, 258556.333, 99
Trd, 258556.600, 103
Trd, 258557.033, 97
Trd, 258557.250, 102
Trd, 258557.633, 101
Trd, 258557.683, 100
Trd, 258557.883, 101
Trd, 258558.017, 100
Trd, 258558.550, 101
Trd, 258559.000, 101
Trd, 258559.233, 103
Trd, 258559.333, 108
Trd, 258559.700, 98
Trd, 258560.283, 96
Trd, 258560.667, 107
Trd, 258560.950, 108
Trd, 258561.283, 103
Trd, 258561.717, 108
Trd, 258562.783, 104
Trd, 258563.400, 104
Trd, 258563.567, 108
Trd, 258564.283, 104
Trd, 258564.883, 104
Trd, 258564.933, 104
Trd, 258564.950, 105
Trd, 258565.383, 104
Trd, 258565.917, 105
Trd, 258566.350, 103
Trd, 258567.033, 98
Trd, 258567.450, 95
Trd, 258567.533, 103
Trd, 258567.767, 106
Trd, 258567.883, 101
Trd, 258568.200, 95
Trd, 258568.367, 94
Trd, 258568.900, 107
Trd, 258569.467, 108
Trd, 258569.517, 99
Trd, 258569.767, 98
Trd, 258570.083, 109
Trd, 258570.917, 103
Trd, 258571.133, 104
Trd, 258571.233, 103
Trd, 258572.333, 103
Trd, 258572.467, 102
Trd, 258572.850, 106
Trd, 258573.417, 104
Trd, 258574.183, 108
Trd, 258574.350, 104
Trd, 258574.550, 99
Trd, 258574.933, 109
Trd, 258575.033, 110
Trd, 258575.733, 99
Trd, 258576.317, 99
Trd, 258576.467, 96
Trd, 258576.733, 100
Trd, 258576.967, 101
Trd, 258577.283, 97
Trd, 258577.433, 101
Trd, 258577.517, 95
Trd, 258578.617, 98
Trd, 258578.733, 104
Trd, 258579.567, 100
Trd, 258580.133, 101
Trd, 258580.550, 100
Trd, 258580.700, 101
Trd, 258580.883, 101
Trd, 258581.050, 115
Trd, 258581.150, 101
Trd, 258581.733, 106
Trd, 258583.117, 102
Trd, 258583.400, 99
Trd, 258583.517, 98
Trd, 258583.667, 95
Trd, 258584.633, 99
Trd, 258584.700, 103
Trd, 258584.717, 98
Trd, 258585.150, 95
Trd, 258585.400, 97
Trd, 258585.600, 98
Trd, 258585.800, 94
Trd, 258586.650, 100
Trd, 258587.500, 99
Trd, 258587.583, 100
Trd, 258587.683, 102
Trd, 258587.767, 97
Trd, 258588.050, 98
Trd, 258588.567, 104
Trd, 258588.833, 98
Trd, 258588.967, 104
Trd, 258589.050, 97
Trd, 258589.233, 104
Trd, 258589.617, 98
Trd, 258590.467, 101
Trd, 258590.883, 99
Trd, 258591.417, 100
Trd, 258591.467, 101
Trd, 258591.617, 99
Trd, 258591.783, 99
Trd, 258592.667, 102
Trd, 258593.117, 95
Trd, 258594.667, 101
Trd, 258594.850, 102
Trd, 258595.300, 100
Trd, 258595.800, 98
Trd, 258595.833, 95
Trd, 258595.850, 100
Trd, 258596.467, 95
Trd, 258597.233, 97
Trd, 258597.300, 98
Trd, 258597.533, 98
Trd, 258597.950, 97
Trd, 258598.267, 97
Trd, 258598.283, 98
Trd, 258598.467, 95
Trd, 258598.733, 95
Trd, 258598.783, 98
Trd, 258598.967, 93
Trd, 258600.717, 99
Trd, 258600.900, 100
Trd, 258601.050, 102
Trd, 258601.067, 98
Trd, 258601.117, 105
Trd, 258601.933, 103
Trd, 258602.700, 107
Trd, 258602.817, 105
Trd, 258604.000, 107
Trd, 258604.183, 108
Trd, 258604.383, 106
Trd, 258604.583, 107
Trd, 258604.717, 108
Trd, 258604.867, 111
Trd, 258605.050, 104
Trd, 258605.583, 107
Trd, 258605.867, 102
Trd, 258605.900, 109
Trd, 258605.950, 101
Trd, 258606.517, 110
Trd, 258607.133, 115
Trd, 258607.317, 100
Trd, 258607.983, 97
Trd, 258609.200, 95
Trd, 258609.517, 105
Trd, 258609.700, 96
Trd, 258610.150, 114
Trd, 258610.767, 106
Trd, 258610.817, 105
Trd, 258611.250, 102
Trd, 258611.567, 112
Trd, 258611.783, 101
Trd, 258612.200, 111
Trd, 258612.300, 111
Trd, 258612.317, 113
Trd, 258613.067, 101
Trd, 258613.150, 100
Trd, 258613.967, 100
Trd, 258614.400, 102
Trd, 258615.133, 99
Trd, 258615.400, 102
Trd, 258615.500, 104
Trd, 258616.267, 100
Trd, 258616.350, 97
Trd, 258616.683, 101
Trd, 258617.283, 99
Trd, 258617.367, 99
Trd, 258617.383, 100
Trd, 258617.783, 105
Trd, 258618.117, 98
Trd, 258618.317, 102
Trd, 258618.333, 94
Trd, 258619.083, 96
Trd, 258619.183, 93
Trd, 258619.333, 93
Trd, 258619.367, 100
Trd, 258620.183, 99
Trd, 258620.633, 100
Trd, 258620.950, 102
Trd, 258621.400, 90
Trd, 258621.667, 105
Trd, 258621.767, 101
Trd, 258621.783, 88
Trd, 258622.550, 109
Trd, 258622.767, 107
Trd, 258623.367, 103
Trd, 258623.600, 104
Trd, 258624.367, 102
Trd, 258624.767, 102
Trd, 258624.833, 106
Trd, 258625.217, 106
Trd, 258625.283, 101
Trd, 258626.217, 103
Trd, 258626.267, 99
Trd, 258626.750, 99
Trd, 258627.483, 110
Trd, 258627.817, 102
Trd, 258628.367, 100
Trd, 258628.717, 100
Trd, 258628.950, 100
Trd, 258629.033, 102
Trd, 258629.267, 103
Trd, 258629.300, 101
Trd, 258629.983, 103
Trd, 258630.050, 103
Trd, 258630.217, 104
Trd, 258630.267, 100
Trd, 258630.683, 100
Trd, 258630.817, 109
Trd, 258631.367, 100
Trd, 258631.533, 98
Trd, 258632.833, 92
Trd, 258632.967, 113
Trd, 258633.383, 109
Trd, 258633.583, 107
Trd, 258634.967, 101
Trd, 258635.317, 101
Trd, 258635.417, 101
Trd, 258635.450, 100
Trd, 258635.633, 102
Trd, 258635.917, 100
Trd, 258636.000, 98
Trd, 258636.883, 101
Trd, 258637.100, 102
Trd, 258637.267, 97
Trd, 258637.933, 103
Trd, 258638.233, 93
Trd, 258638.967, 94
Trd, 258640.200, 100
Trd, 258640.367, 103
Trd, 258640.633, 105
Trd, 258640.767, 101
Trd, 258640.850, 109
Trd, 258641.167, 106
Trd, 258641.567, 106
Trd, 258642.033, 101
Trd, 258642.667, 105
Trd, 258642.867, 105
Trd, 258642.917, 105
Trd, 258643.333, 105
Trd, 258643.717, 104
Trd, 258644.017, 107
Trd, 258644.283, 94
Trd, 258644.400, 98
Trd, 258644.567, 107
Trd, 258644.883, 109
Trd, 258646.650, 103
Trd, 258646.667, 101
Trd, 258646.717, 104
Trd, 258646.867, 100
Trd, 258647.017, 104
Trd, 258647.417, 103
Trd, 258647.483, 102
Trd, 258648.083, 103
Trd, 258648.217, 103
Trd, 258649.000, 105
Trd, 258649.267, 104
Trd, 258650.683, 102
Trd, 258650.850, 102
Trd, 258651.350, 102
Trd, 258651.467, 101
Trd, 258651.533, 98
Trd, 258651.650, 93
Trd, 258651.767, 101
Trd, 258652.867, 100
Trd, 258653.067, 100
Trd, 258653.183, 100
Trd, 258653.250, 99
Trd, 258653.267, 101
Trd, 258653.300, 107
Trd, 258653.500, 95
Trd, 258653.800, 109
Trd, 258655.183, 97
Trd, 258655.450, 101
Trd, 258655.783, 96
Trd, 258655.900, 93
Trd, 258656.333, 109
Trd, 258656.433, 109
Trd, 258656.517, 110
Trd, 258656.867, 105
Trd, 258656.900, 101
Trd, 258658.167, 105
Trd, 258658.633, 103
Trd, 258658.817, 103
Trd, 258659.283, 103
Trd, 258659.483, 102
Trd, 258659.733, 102
Trd, 258659.767, 98
Trd, 258660.350, 100
Trd, 258661.067, 101
Trd, 258661.517, 105
Trd, 258662.300, 105
Trd, 258662.383, 109
Trd, 258663.000, 100
Trd, 258663.267, 105
Trd, 258663.400, 108
Trd, 258663.650, 98
Trd, 258664.417, 99
Trd, 258664.717, 107
Trd, 258665.917, 105
Trd, 258665.950, 106
Trd, 258666.150, 107
Trd, 258666.450, 107
Trd, 258666.467, 104
Trd, 258667.117, 106
Trd, 258667.967, 102
Trd, 258668.483, 98
Trd, 258668.733, 102
Trd, 258668.783, 101
Trd, 258669.283, 100
Trd, 258669.833, 100
Trd, 258669.933, 98
Trd, 258670.883, 100
Trd, 258671.000, 96
Trd, 258671.300, 93
Trd, 258672.267, 101
Trd, 258672.383, 103
Trd, 258672.417, 104
Trd, 258672.550, 104
Trd, 258672.817, 104
Trd, 258672.883, 105
Trd, 258672.950, 99
Trd, 258673.333, 107
Trd, 258674.100, 106
Trd, 258674.333, 98
Trd, 258674.750, 95
Trd, 258674.900, 91
Trd, 258675.467, 101
Trd, 258675.700, 104
Trd, 258675.717, 105
Trd, 258675.783, 109
Trd, 258676.667, 103
Trd, 258676.950, 104
Trd, 258677.283, 97
Trd, 258677.633, 105
Trd, 258678.000, 102
Trd, 258678.250, 102
Trd, 258679.100, 101
Trd, 258679.617, 98
Trd, 258680.067, 106
Trd, 258680.383, 107
Trd, 258680.417, 104
Trd, 258680.750, 107
Trd, 258680.967, 97
Trd, 258681.367, 109
Trd, 258681.400, 109
Trd, 258682.317, 101
Trd, 258682.417, 101
Trd, 258682.800, 102
Trd, 258683.100, 107
Trd, 258683.533, 108
Trd, 258683.600, 106
Trd, 258683.867, 101
Trd, 258684.750, 111
Trd, 258685.333, 112
Trd, 258685.600, 101
Trd, 258685.633, 104
Trd, 258686.400, 105
Trd, 258686.733, 101
Trd, 258686.750, 105
Trd, 258687.917, 104
Trd, 258688.450, 104
Trd, 258688.850, 101
Trd, 258688.867, 98
Trd, 258689.067, 103
Trd, 258689.217, 103
Trd, 258689.417, 108
Trd, 258689.500, 108
Trd, 258689.667, 98
Trd, 258689.983, 95
Trd, 258690.383, 94
Trd, 258691.550, 99
Trd, 258692.067, 93
Trd, 258692.267, 101
Trd, 258692.450, 102
Trd, 258692.600, 108
Trd, 258693.333, 105
Trd, 258693.800, 107
Trd, 258693.933, 104
Trd, 258694.450, 106
Trd, 258694.567, 108
Trd, 258694.767, 102
Trd, 258695.850, 102
Trd, 258696.367, 102
Trd, 258696.533, 101
Trd, 258696.567, 98
Trd, 258696.650, 103
Trd, 258697.167, 120
Trd, 258697.233, 93
Trd, 258697.667, 118
Trd, 258697.850, 119
Trd, 258698.117, 95
Trd, 258698.333, 101
Trd, 258698.367, 93
Trd, 258698.400, 90
Trd, 258699.417, 100
Trd, 258700.983, 99
Trd, 258701.000, 100
Trd, 258701.100, 107
Trd, 258701.550, 97
Trd, 258701.633, 96
Trd, 258702.117, 100
Trd, 258702.250, 101
Trd, 258702.817, 97
Trd, 258703.133, 102
Trd, 258703.300, 96
Trd, 258703.433, 103
Trd, 258703.467, 90
Trd, 258704.633, 96
Trd, 258705.467, 96
Trd, 258705.633, 100
Trd, 258705.783, 97
Trd, 258706.550, 96
Trd, 258706.583, 95
Trd, 258706.833, 94
Trd, 258707.050, 98
Trd, 258707.683, 96
Trd, 258707.783, 97
Trd, 258707.850, 97
Trd, 258708.317, 96
Trd, 258708.433, 97
Trd, 258708.467, 97
Trd, 258708.833, 96
Trd, 258708.900, 98
Trd, 258708.917, 101
Trd, 258709.717, 98
Trd, 258710.033, 104
Trd, 258711.133, 103
Trd, 258711.583, 102
Trd, 258712.400, 103
Trd, 258712.817, 101
Trd, 258712.983, 100
Trd, 258713.200, 101
Trd, 258713.783, 101
Trd, 258713.883, 104
Trd, 258714.650, 110
Trd, 258714.717, 98
Trd, 258714.983, 95
Trd, 258715.217, 110
Trd, 258715.350, 110
Trd, 258715.600, 95
Trd, 258715.950, 93
Trd, 258716.300, 108
Trd, 258716.400, 90
Trd, 258716.933, 103
Trd, 258717.633, 103
Trd, 258718.233, 101
Trd, 258718.433, 102
Trd, 258718.950, 101
Trd, 258719.617, 99
Trd, 258720.633, 102
Trd, 258720.967, 101
Trd, 258721.117, 102
Trd, 258721.150, 103
Trd, 258721.300, 107
Trd, 258721.900, 102
Trd, 258721.933, 95
Trd, 258722.283, 108
Trd, 258722.400, 94
Trd, 258722.867, 94
Trd, 258723.333, 98
Trd, 258724.167, 102
Trd, 258724.517, 105
Trd, 258724.583, 106
Trd, 258724.833, 107
Trd, 258725.150, 108
Trd, 258725.283, 101
Trd, 258725.783, 109
Trd, 258726.033, 115
Trd, 258726.200, 114
Trd, 258726.283, 101
Trd, 258726.783, 97
Trd, 258727.133, 96
Trd, 258727.317, 115
Trd, 258728.083, 106
Trd, 258728.483, 106
Trd, 258728.500, 100
Trd, 258729.217, 101
Trd, 258729.533, 100
Trd, 258729.633, 101
Trd, 258729.817, 100
Trd, 258730.167, 102
Trd, 258730.833, 102
Trd, 258730.883, 102
Trd, 258731.067, 103
Trd, 258731.483, 101
Trd, 258731.500, 109
Trd, 258732.017, 97
Trd, 258732.383, 93
Trd, 258732.583, 100
Trd, 258732.783, 90
Trd, 258734.267, 98
Trd, 258734.750, 96
Trd, 258734.900, 95
Trd, 258735.367, 96
Trd, 258735.450, 97
Trd, 258735.483, 90
Trd, 258735.533, 90
Trd, 258735.967, 102
Trd, 258735.983, 107
Trd, 258736.017, 109
Trd, 258736.733, 108
Trd, 258736.950, 115
Trd, 258737.667, 114
Trd, 258737.817, 98
Trd, 258738.867, 109
Trd, 258740.000, 107
Trd, 258740.117, 109
Trd, 258740.133, 107
Trd, 258740.150, 111
Trd, 258740.750, 108
Trd, 258741.167, 111
Trd, 258741.183, 110
Trd, 258741.717, 109
Trd, 258741.833, 104
Trd, 258742.200, 100
Trd, 258742.700, 103
Trd, 258743.033, 104
Trd, 258744.033, 105
Trd, 258744.467, 103
Trd, 258745.617, 100
Trd, 258745.767, 100
Trd, 258745.950, 100
Trd, 258746.000, 99
Trd, 258746.167, 98
Trd, 258746.333, 95
Trd, 258746.400, 101
Trd, 258747.067, 93
Trd, 258747.133, 102
Trd, 258747.383, 106
Trd, 258747.883, 97
Trd, 258748.483, 107
Trd, 258748.967, 96
Trd, 258748.983, 108
Trd, 258749.017, 94
Trd, 258749.550, 106
Trd, 258749.600, 98
Trd, 258750.967, 103
Trd, 258751.283, 102
Trd, 258751.417, 103
Trd, 258751.867, 103
Trd, 258752.000, 104
Trd, 258752.183, 102
Trd, 258752.383, 103
Trd, 258752.783, 104
Trd, 258753.067, 108
Trd, 258753.233, 104
Trd, 258753.967, 102
Trd, 258755.433, 101
Trd, 258755.683, 101
Trd, 258756.100, 101
Trd, 258756.250, 102
Trd, 258756.433, 103
Trd, 258756.767, 100
Trd, 258756.967, 106
Trd, 258757.100, 95
Trd, 258757.217, 107
Trd, 258757.233, 93
Trd, 258757.833, 105
Trd, 258758.100, 93
Trd, 258758.183, 93
Trd, 258758.533, 91
Trd, 258759.200, 106
Trd, 258759.700, 106
Trd, 258759.717, 105
Trd, 258759.733, 107
Trd, 258759.750, 104
Trd, 258759.800, 98
Trd, 258759.867, 109
Trd, 258760.267, 113
Trd, 258761.467, 111
Trd, 258761.833, 109
Trd, 258761.867, 110
Trd, 258762.117, 103
Trd, 258762.533, 102
Trd, 258763.250, 107
Trd, 258763.733, 101
Trd, 258764.600, 99
Trd, 258765.283, 99
Trd, 258765.700, 99
Trd, 258765.867, 98
Trd, 258765.900, 93
Trd, 258766.433, 98
Trd, 258766.467, 99
Trd, 258766.683, 97
Trd, 258766.867, 100
Trd, 258767.100, 101
Trd, 258768.850, 102
Trd, 258768.933, 100
Trd, 258769.483, 100
Trd, 258769.817, 103
Trd, 258769.933, 104
Trd, 258770.133, 107
Trd, 258770.150, 99
Trd, 258770.450, 101
Trd, 258771.133, 104
Trd, 258771.317, 99
Trd, 258771.450, 105
Trd, 258772.233, 106
Trd, 258772.283, 109
Trd, 258773.017, 115
Trd, 258773.233, 117
Trd, 258773.700, 108
Trd, 258773.850, 106
Trd, 258773.883, 104
Trd, 258774.217, 101
Trd, 258774.333, 98
Trd, 258775.267, 107
Trd, 258775.650, 99
Trd, 258775.683, 100
Trd, 258776.217, 104
Trd, 258776.800, 105
Trd, 258776.950, 107
Trd, 258777.583, 108
Trd, 258777.983, 106
Trd, 258778.150, 100
Trd, 258778.250, 102
Trd, 258779.000, 108
Trd, 258779.433, 108
Trd, 258779.683, 103
Trd, 258780.017, 108
Trd, 258780.650, 104
Trd, 258780.983, 102
Trd, 258781.200, 101
Trd, 258781.233, 108
Trd, 258781.933, 99
Trd, 258782.600, 101
Trd, 258783.300, 101
Trd, 258783.450, 102
Trd, 258783.633, 98
Trd, 258783.833, 112
Trd, 258784.150, 113
Trd, 258784.300, 114
Trd, 258784.333, 111
Trd, 258784.617, 98
Trd, 258785.583, 100
Trd, 258785.600, 99
Trd, 258785.900, 110
Trd, 258786.667, 109
Trd, 258787.200, 104
Trd, 258787.717, 102
Trd, 258788.417, 98
Trd, 258788.517, 95
Trd, 258788.583, 99
Trd, 258789.033, 99
Trd, 258789.067, 100
Trd, 258789.283, 101
Trd, 258789.683, 100
Trd, 258790.183, 98
Trd, 258790.300, 100
Trd, 258790.383, 90
Trd, 258790.650, 94
Trd, 258790.750, 93
Trd, 258791.583, 98
Trd, 258792.200, 101
Trd, 258792.850, 102
Trd, 258793.067, 105
Trd, 258793.117, 107
Trd, 258793.250, 109
Trd, 258793.300, 103
Trd, 258793.633, 102
Trd, 258794.333, 101
Trd, 258794.717, 106
Trd, 258795.217, 107
Trd, 258795.250, 108
Trd, 258796.000, 113
Trd, 258796.650, 113
Trd, 258797.467, 114
Trd, 258797.667, 109
Trd, 258798.050, 105
Trd, 258798.200, 105
Trd, 258798.500, 104
Trd, 258798.717, 100
Trd, 258798.750, 98
Trd, 258798.883, 94
Trd, 258799.550, 102
Trd, 258800.317, 102
Trd, 258800.367, 95
Trd, 258800.883, 97
Trd, 258801.050, 103
Trd, 258801.267, 95
Trd, 258801.567, 104
Trd, 258801.950, 104
Trd, 258803.183, 101
Trd, 258803.417, 101
Trd, 258803.733, 101
Trd, 258803.933, 99
Trd, 258804.133, 100
Trd, 258804.250, 100
Trd, 258805.333, 98
Trd, 258805.383, 99
Trd, 258805.917, 99
Trd, 258806.167, 100
Trd, 258806.283, 99
Trd, 258806.450, 98
Trd, 258806.983, 99
Trd, 258808.017, 103
Trd, 258808.367, 110
Trd, 258808.433, 101
Trd, 258808.783, 93
Trd, 258808.967, 93
Trd, 258809.067, 88
Trd, 258809.333, 104
Trd, 258810.117, 104
Trd, 258810.133, 105
Trd, 258810.167, 107
Trd, 258810.933, 104
Trd, 258811.450, 103
Trd, 258812.350, 102
Trd, 258812.500, 103
Trd, 258812.617, 101
Trd, 258812.667, 104
Trd, 258813.600, 101
Trd, 258814.500, 99
Trd, 258814.617, 99
Trd, 258814.717, 98
Trd, 258814.850, 94
Trd, 258814.867, 93
Trd, 258814.917, 90
Trd, 258814.933, 87
Trd, 258815.167, 97
Trd, 258815.800, 98
Trd, 258816.233, 99
Trd, 258816.417, 101
Trd, 258817.450, 103
Trd, 258817.717, 109
Trd, 258818.083, 113
Trd, 258818.933, 111
Trd, 258819.017, 113
Trd, 258819.483, 110
Trd, 258820.100, 115
Trd, 258820.150, 106
Trd, 258820.983, 109
Trd, 258821.217, 109
Trd, 258821.383, 111
Trd, 258821.600, 112
Trd, 258821.767, 108
Trd, 258822.350, 107
Trd, 258822.917, 114
Trd, 258823.350, 102
Trd, 258823.517, 102
Trd, 258823.583, 114
Trd, 258824.000, 102
Trd, 258824.250, 101
Trd, 258825.900, 106
Trd, 258826.267, 107
Trd, 258826.383, 104
Trd, 258827.183, 101
Trd, 258827.600, 100
Trd, 258828.133, 99
Trd, 258828.167, 96
Trd, 258828.400, 98
Trd, 258828.583, 99
Trd, 258829.083, 99
Trd, 258829.200, 98
Trd, 258829.467, 97
Trd, 258829.683, 97
Trd, 258829.700, 98
Trd, 258829.717, 95
Trd, 258830.517, 103
Trd, 258830.683, 108
Trd, 258830.967, 109
Trd, 258831.133, 95
Trd, 258831.333, 96
Trd, 258831.483, 114
Trd, 258832.550, 103
Trd, 258832.600, 101
Trd, 258832.867, 104
Trd, 258833.783, 100
Trd, 258833.833, 99
Trd, 258833.900, 102
Trd, 258834.000, 102
Trd, 258834.383, 102
Trd, 258834.900, 100
Trd, 258835.067, 99
Trd, 258835.417, 100
Trd, 258835.583, 109
Trd, 258836.617, 106
Trd, 258837.067, 101
Trd, 258837.100, 100
Trd, 258837.250, 101
Trd, 258837.967, 95
Trd, 258838.083, 104
Trd, 258838.250, 105
Trd, 258838.783, 93
Trd, 258839.650, 104
Trd, 258840.367, 103
Trd, 258840.800, 102
Trd, 258841.150, 104
Trd, 258841.217, 104
Trd, 258841.633, 104
Trd, 258841.850, 105
Trd, 258841.867, 109
Trd, 258842.383, 105
Trd, 258842.717, 107
Trd, 258842.867, 106
Trd, 258843.133, 109
Trd, 258843.217, 104
Trd, 258843.267, 101
Trd, 258843.550, 97
Trd, 258844.717, 101
Trd, 258845.433, 115
Trd, 258845.900, 104
Trd, 258846.250, 115
Trd, 258847.400, 112
Trd, 258847.783, 107
Trd, 258848.083, 108
Trd, 258848.317, 107
Trd, 258848.800, 107
Trd, 258849.067, 106
Trd, 258849.333, 104
Trd, 258849.917, 104
Trd, 258850.450, 104
Trd, 258850.483, 102
Trd, 258850.583, 101
Trd, 258851.117, 100
Trd, 258851.400, 100
Trd, 258851.683, 100
Trd, 258851.733, 101
Trd, 258851.983, 101
Trd, 258852.417, 100
Trd, 258852.967, 109
Trd, 258853.500, 102
Trd, 258853.550, 112
Trd, 258853.800, 116
Trd, 258854.183, 102
Trd, 258854.217, 101
Trd, 258854.550, 98
Trd, 258855.600, 108
Trd, 258855.883, 101
Trd, 258856.167, 102
Trd, 258856.483, 101
Trd, 258857.033, 102
Trd, 258857.583, 100
Trd, 258857.633, 102
Trd, 258857.650, 96
Trd, 258858.300, 103
Trd, 258858.333, 95
Trd, 258858.833, 93
Trd, 258859.683, 98
Trd, 258859.783, 102
Trd, 258859.867, 104
Trd, 258860.467, 104
Trd, 258860.883, 101
Trd, 258861.033, 100
Trd, 258861.550, 105
Trd, 258861.950, 102
Trd, 258862.367, 116
Trd, 258863.133, 103
Trd, 258863.250, 101
Trd, 258863.650, 103
Trd, 258864.167, 103
Trd, 258864.400, 103
Trd, 258864.417, 100
Trd, 258865.217, 95
Trd, 258865.533, 97
Trd, 258865.550, 98
Trd, 258865.967, 97
Trd, 258866.183, 90
Trd, 258866.350, 95
Trd, 258866.450, 96
Trd, 258866.833, 97
Trd, 258867.733, 105
Trd, 258867.917, 106
Trd, 258868.383, 101
Trd, 258868.400, 99
Trd, 258869.183, 107
Trd, 258869.283, 100
Trd, 258869.417, 97
Trd, 258869.967, 98
Trd, 258870.400, 107
Trd, 258870.517, 108
Trd, 258871.017, 99
Trd, 258871.400, 109
Trd, 258871.900, 102
Trd, 258872.917, 101
Trd, 258873.383, 113
Trd, 258873.417, 103
Trd, 258873.633, 102
Trd, 258873.900, 101
Trd, 258874.050, 111
Trd, 258874.950, 98
Trd, 258875.650, 98
Trd, 258876.233, 94
Trd, 258876.317, 97
Trd, 258876.817, 95
Trd, 258876.833, 93
Trd, 258877.717, 98
Trd, 258877.933, 98
Trd, 258878.017, 110
Trd, 258879.033, 113
Trd, 258879.183, 111
Trd, 258879.267, 110
Trd, 258879.350, 109
Trd, 258879.667, 112
Trd, 258879.733, 99
Trd, 258880.217, 101
Trd, 258881.350, 112
Trd, 258881.850, 110
Trd, 258882.000, 105
Trd, 258882.367, 104
Trd, 258882.750, 106
Trd, 258883.117, 99
Trd, 258883.300, 95
Trd, 258883.400, 107
Trd, 258883.467, 93
Trd, 258883.533, 109
Trd, 258883.917, 110
Trd, 258884.283, 101
Trd, 258884.467, 99
Trd, 258885.217, 112
Trd, 258885.950, 93
Trd, 258886.317, 111
Trd, 258886.333, 115
Trd, 258886.500, 114
Trd, 258887.617, 106
Trd, 258888.250, 109
Trd, 258888.450, 107
Trd, 258888.767, 108
Trd, 258888.783, 107
Trd, 258889.000, 109
Trd, 258889.633, 107
Trd, 258889.733, 108
Trd, 258889.883, 106
Trd, 258890.200, 109
Trd, 258890.583, 106
Trd, 258890.667, 107
Trd, 258890.683, 104
Trd, 258890.717, 99
Trd, 258890.767, 98
Trd, 258890.917, 95
Trd, 258891.950, 107
Trd, 258892.017, 93
Trd, 258892.050, 115
Trd, 258892.717, 98
Trd, 258894.233, 102
Trd, 258894.250, 100
Trd, 258894.300, 105
Trd, 258894.683, 109
Trd, 258895.300, 102
Trd, 258895.883, 109
Trd, 258896.883, 106
Trd, 258896.917, 106
Trd, 258897.250, 105
Trd, 258897.567, 104
Trd, 258897.883, 104
Trd, 258898.533, 102
Trd, 258898.567, 101
Trd, 258899.400, 103
Trd, 258899.667, 102
Trd, 258900.033, 100
Trd, 258900.217, 104
Trd, 258900.883, 103
Trd, 258901.367, 105
Trd, 258901.933, 104
Trd, 258902.083, 107
Trd, 258902.533, 106
Trd, 258902.567, 103
Trd, 258902.850, 103
Trd, 258903.183, 108
Trd, 258903.500, 101
Trd, 258903.633, 105
Trd, 258903.900, 106
Trd, 258904.083, 98
Trd, 258904.917, 95
Trd, 258905.000, 100
Trd, 258905.317, 101
Trd, 258905.450, 88
Trd, 258905.817, 107
Trd, 258905.983, 108
Trd, 258908.083, 109
Trd, 258908.183, 106
Trd, 258908.700, 106
Trd, 258908.883, 104
Trd, 258909.350, 104
Trd, 258909.383, 105
Trd, 258909.550, 107
Trd, 258909.567, 108
Trd, 258909.717, 99
Trd, 258909.783, 98
Trd, 258909.900, 108
Trd, 258910.433, 94
Trd, 258910.517, 93
Trd, 258910.933, 108
Trd, 258912.400, 103
Trd, 258912.950, 106
Trd, 258913.900, 99
Trd, 258914.017, 95
Trd, 258914.200, 100
Trd, 258914.633, 98
Trd, 258915.017, 100
Trd, 258915.067, 102
Trd, 258915.267, 97
Trd, 258915.683, 97
Trd, 258915.767, 109
Trd, 258915.817, 96
Trd, 258915.917, 95
Trd, 258916.000, 113
Trd, 258916.333, 93
Trd, 258916.717, 115
Trd, 258917.200, 116
Trd, 258917.217, 101
Trd, 258917.483, 97
Trd, 258917.600, 92
Trd, 258918.833, 93
Trd, 258919.083, 92
Trd, 258919.800, 106
Trd, 258920.817, 105
Trd, 258921.117, 108
Trd, 258921.183, 109
Trd, 258921.983, 107
Trd, 258922.150, 106
Trd, 258922.183, 104
Trd, 258922.317, 101
Trd, 258922.417, 108
Trd, 258922.867, 99
Trd, 258923.350, 97
Trd, 258923.633, 107
Trd, 258924.500, 107
Trd, 258924.833, 99
Trd, 258924.883, 98
Trd, 258925.367, 94
Trd, 258925.717, 114
Trd, 258926.317, 112
Trd, 258926.650, 113
Trd, 258926.750, 93
Trd, 258927.050, 92
Trd, 258927.167, 91
Trd, 258927.467, 100
Trd, 258928.067, 94
Trd, 258928.250, 99
Trd, 258928.750, 100
Trd, 258929.117, 98
Trd, 258929.433, 99
Trd, 258930.600, 99
Trd, 258930.800, 104
Trd, 258931.433, 103
Trd, 258931.567, 103
Trd, 258931.850, 106
Trd, 258932.117, 109
Trd, 258932.317, 110
Trd, 258932.450, 104
Trd, 258932.550, 99
Trd, 258932.683, 117
Trd, 258934.767, 112
Trd, 258934.900, 111
Trd, 258935.200, 104
Trd, 258935.683, 103
Trd, 258936.367, 103
Trd, 258936.717, 101
Trd, 258937.167, 99
Trd, 258937.333, 105
Trd, 258937.533, 106
Trd, 258938.617, 105
Trd, 258939.783, 105
Trd, 258939.950, 109
Trd, 258940.000, 102
Trd, 258940.617, 104
Trd, 258940.867, 109
Trd, 258940.950, 100
Trd, 258941.417, 100
Trd, 258941.433, 110
Trd, 258941.800, 111
Trd, 258941.817, 106
Trd, 258942.200, 105
Trd, 258942.400, 104
Trd, 258942.450, 98
Trd, 258942.783, 118
Trd, 258943.750, 99
Trd, 258943.783, 103
Trd, 258944.133, 105
Trd, 258944.200, 104
Trd, 258945.167, 101
Trd, 258945.283, 94
Trd, 258945.567, 100
Trd, 258945.867, 102
Trd, 258947.350, 102
Trd, 258947.667, 102
Trd, 258947.833, 101
Trd, 258947.983, 105
Trd, 258948.267, 104
Trd, 258948.667, 105
Trd, 258948.750, 105
Trd, 258949.017, 100
Trd, 258949.267, 100
Trd, 258949.983, 100
Trd, 258950.283, 98
Trd, 258950.433, 93
Trd, 258951.533, 100
Trd, 258951.967, 99
Trd, 258952.033, 100
Trd, 258952.483, 100
Trd, 258952.850, 98
Trd, 258953.033, 100
Trd, 258953.100, 98
Trd, 258953.300, 101
Trd, 258953.417, 97
Trd, 258953.767, 101
Trd, 258953.850, 109
Trd, 258954.400, 94
Trd, 258954.667, 93
Trd, 258954.683, 106
Trd, 258954.883, 110
Trd, 258955.283, 98
Trd, 258956.183, 99
Trd, 258956.417, 97
Trd, 258956.717, 103
Trd, 258957.067, 101
Trd, 258957.800, 95
Trd, 258958.567, 96
Trd, 258959.100, 96
Trd, 258959.133, 97
Trd, 258959.150, 95
Trd, 258959.283, 101
Trd, 258959.733, 106
Trd, 258959.983, 95
Trd, 258960.750, 103
Trd, 258960.950, 103
Trd, 258961.383, 101
Trd, 258961.550, 102
Trd, 258961.567, 100
Trd, 258961.600, 90
Trd, 258962.067, 98
Trd, 258962.550, 98
Trd, 258962.817, 99
Trd, 258962.933, 100
Trd, 258963.383, 115
Trd, 258964.517, 107
Trd, 258964.867, 113
Trd, 258964.967, 106
Trd, 258965.150, 101
Trd, 258965.550, 112
Trd, 258966.217, 114
Trd, 258966.350, 108
Trd, 258966.567, 115
Trd, 258966.917, 106
Trd, 258966.983, 105
Trd, 258967.283, 104
Trd, 258967.717, 103
Trd, 258968.133, 116
Trd, 258968.433, 104
Trd, 258968.650, 117
Trd, 258969.450, 103
Trd, 258969.950, 102
Trd, 258970.317, 101
Trd, 258971.367, 101
Trd, 258971.433, 96
Trd, 258971.650, 95
Trd, 258972.100, 101
Trd, 258972.483, 101
Trd, 258972.950, 97
Trd, 258973.000, 101
Trd, 258973.200, 97
Trd, 258973.567, 105
Trd, 258973.783, 102
Trd, 258974.050, 108
Trd, 258974.850, 98
Trd, 258975.767, 99
Trd, 258976.667, 106
Trd, 258976.750, 105
Trd, 258977.367, 103
Trd, 258977.400, 102
Trd, 258978.183, 101
Trd, 258978.367, 100
Trd, 258978.467, 99
Trd, 258978.883, 98
Trd, 258979.233, 95
Trd, 258979.350, 92
Trd, 258979.667, 100
Trd, 258979.717, 101
Trd, 258979.833, 101
Trd, 258979.933, 101
Trd, 258979.967, 90
Trd, 258980.117, 106
Trd, 258980.433, 108
Trd, 258980.850, 109
Trd, 258981.217, 116
Trd, 258981.433, 93
Trd, 258981.733, 101
Trd, 258982.550, 102
Trd, 258982.883, 101
Trd, 258983.067, 102
Trd, 258983.617, 102
Trd, 258984.233, 103
Trd, 258984.383, 104
Trd, 258984.500, 103
Trd, 258984.917, 104
Trd, 258985.183, 103
Trd, 258985.367, 106
Trd, 258985.867, 109
Trd, 258986.050, 101
Trd, 258986.250, 100
Trd, 258986.950, 116
Trd, 258987.150, 117
Trd, 258987.350, 118
Trd, 258988.683, 106
Trd, 258988.883, 104
Trd, 258989.083, 111
Trd, 258989.583, 105
Trd, 258989.667, 104
Trd, 258990.017, 108
Trd, 258990.217, 98
Trd, 258990.283, 98
Trd, 258990.567, 109
Trd, 258991.083, 109
Trd, 258991.283, 109
Trd, 258991.617, 109
Trd, 258991.983, 110
Trd, 258992.133, 111
Trd, 258992.400, 109
Trd, 258993.200, 109
Trd, 258993.233, 106
Trd, 258993.317, 104
Trd, 258993.833, 105
Trd, 258994.683, 107
Trd, 258994.700, 104
Trd, 258995.750, 109
Trd, 258995.867, 109
Trd, 258996.167, 100
Trd, 258996.417, 93
Trd, 258996.450, 90
Trd, 258996.500, 87
Trd, 258996.800, 110
Trd, 258996.817, 111
Trd, 258996.917, 111
Trd, 258998.733, 103
Trd, 258999.150, 103
Trd, 258999.683, 103
Trd, 258999.800, 104
Trd, 259000.167, 105
Trd, 259000.333, 105
Trd, 259000.417, 106
Trd, 259001.000, 103
Trd, 259001.600, 102
Trd, 259001.667, 103
Trd, 259002.033, 103
Trd, 259002.333, 103
Trd, 259002.550, 98
Trd, 259003.000, 101
Trd, 259003.500, 104
Trd, 259003.633, 110
Trd, 259003.883, 96
Trd, 259004.033, 102
Trd, 259004.217, 110
Trd, 259004.400, 101
Trd, 259005.000, 96
Trd, 259005.300, 96
Trd, 259005.750, 98
Trd, 259007.333, 98
Trd, 259007.367, 99
Trd, 259007.517, 100
Trd, 259008.133, 96
Trd, 259008.600, 96
Trd, 259008.617, 101
Trd, 259009.083, 102
Trd, 259009.100, 96
Trd, 259009.383, 96
Trd, 259009.900, 102
Trd, 259009.933, 94
Trd, 259010.750, 102
Trd, 259011.483, 90
Trd, 259011.733, 101
Trd, 259012.183, 102
Trd, 259012.467, 103
Trd, 259012.633, 102
Trd, 259012.650, 104
Trd, 259012.683, 105
Trd, 259013.517, 104
Trd, 259013.667, 103
Trd, 259014.083, 104
Trd, 259014.450, 99
Trd, 259014.683, 98
Trd, 259015.250, 105
Trd, 259015.917, 106
Trd, 259016.433, 101
Trd, 259016.617, 106
Trd, 259017.450, 105
Trd, 259017.600, 104
Trd, 259018.033, 106
Trd, 259018.183, 105
Trd, 259018.250, 104
Trd, 259019.117, 101
Trd, 259020.317, 97
Trd, 259020.583, 95
Trd, 259020.667, 100
Trd, 259020.900, 102
Trd, 259021.317, 98
Trd, 259021.550, 97
Trd, 259021.800, 98
Trd, 259022.583, 96
Trd, 259023.417, 105
Trd, 259023.833, 110
Trd, 259023.883, 118
Trd, 259024.117, 106
Trd, 259024.467, 102
Trd, 259024.750, 101
Trd, 259025.083, 94
Trd, 259025.983, 95
Trd, 259026.400, 93
Trd, 259026.567, 91
Trd, 259026.767, 101
Trd, 259026.900, 103
Trd, 259028.017, 103
Trd, 259028.067, 104
Trd, 259028.133, 103
Trd, 259028.817, 106
Trd, 259029.017, 109
Trd, 259029.167, 102
Trd, 259029.533, 102
Trd, 259029.583, 101
Trd, 259031.367, 104
Trd, 259032.233, 101
Trd, 259032.250, 100
Trd, 259032.617, 101
Trd, 259033.233, 100
Trd, 259033.417, 102
Trd, 259033.583, 101
Trd, 259033.767, 101
Trd, 259034.017, 100
Trd, 259034.383, 99
Trd, 259034.667, 101
Trd, 259035.167, 97
Trd, 259035.183, 93
Trd, 259036.500, 106
Trd, 259036.517, 108
Trd, 259036.633, 104
Trd, 259037.267, 103
Trd, 259037.300, 109
Trd, 259038.133, 109
Trd, 259038.217, 111
Trd, 259038.683, 109
Trd, 259038.700, 110
Trd, 259038.750, 112
Trd, 259039.217, 107
Trd, 259040.567, 106
Trd, 259040.633, 104
Trd, 259040.967, 108
Trd, 259041.000, 109
Trd, 259041.183, 110
Trd, 259041.417, 112
Trd, 259042.717, 114
Trd, 259043.200, 112
Trd, 259043.833, 109
Trd, 259044.283, 107
Trd, 259044.467, 106
Trd, 259044.667, 106
Trd, 259045.583, 100
Trd, 259045.750, 99
Trd, 259046.100, 99
Trd, 259046.267, 104
Trd, 259046.767, 106
Trd, 259047.167, 105
Trd, 259047.767, 103
Trd, 259048.067, 99
Trd, 259048.233, 98
Trd, 259048.633, 95
Trd, 259048.833, 99
Trd, 259048.883, 91
Trd, 259049.783, 98
Trd, 259049.967, 100
Trd, 259050.667, 100
Trd, 259050.750, 106
Trd, 259050.833, 107
Trd, 259051.100, 109
Trd, 259051.433, 115
Trd, 259051.917, 116
Trd, 259052.050, 117
Trd, 259052.100, 103
Trd, 259054.117, 106
Trd, 259054.733, 105
Trd, 259054.750, 104
Trd, 259055.517, 102
Trd, 259055.633, 101
Trd, 259055.833, 99
Trd, 259055.950, 103
Trd, 259056.600, 98
Trd, 259057.167, 104
Trd, 259057.300, 107
Trd, 259057.350, 97
Trd, 259058.050, 102
Trd, 259058.083, 96
Trd, 259058.117, 103
Trd, 259058.700, 102
Trd, 259058.900, 95
Trd, 259059.117, 101
Trd, 259059.867, 93
Trd, 259060.233, 100
Trd, 259060.467, 101
Trd, 259061.117, 102
Trd, 259061.900, 113
Trd, 259062.067, 114
Trd, 259062.417, 115
Trd, 259062.450, 101
Trd, 259063.483, 116
Trd, 259063.767, 115
Trd, 259063.800, 109
Trd, 259064.733, 103
Trd, 259064.983, 103
Trd, 259065.517, 106
Trd, 259065.833, 111
Trd, 259065.917, 112
Trd, 259066.100, 108
Trd, 259066.133, 107
Trd, 259066.350, 104
Trd, 259066.967, 107
Trd, 259067.350, 106
Trd, 259067.567, 107
Trd, 259068.583, 106
Trd, 259069.233, 106
Trd, 259069.583, 104
Trd, 259069.900, 102
Trd, 259070.033, 100
Trd, 259070.133, 99
Trd, 259070.383, 107
Trd, 259071.067, 101
Trd, 259071.150, 98
Trd, 259072.317, 100
Trd, 259072.500, 100
Trd, 259072.733, 101
Trd, 259072.850, 95
Trd, 259072.883, 101
Trd, 259073.150, 101
Trd, 259073.383, 92
Trd, 259074.033, 101
Trd, 259074.183, 102
Trd, 259074.367, 105
Trd, 259074.767, 94
Trd, 259075.750, 101
Trd, 259076.450, 101
Trd, 259076.900, 101
Trd, 259077.000, 100
Trd, 259077.700, 101
Trd, 259078.200, 107
Trd, 259078.267, 109
Trd, 259078.550, 111
Trd, 259078.717, 104
Trd, 259078.733, 112
Trd, 259078.983, 103
Trd, 259079.967, 110
Trd, 259080.133, 110
Trd, 259080.200, 102
Trd, 259080.417, 98
Trd, 259080.850, 103
Trd, 259081.317, 104
Trd, 259081.367, 94
Trd, 259081.700, 105
Trd, 259082.400, 99
Trd, 259083.250, 102
Trd, 259083.733, 102
Trd, 259084.000, 101
Trd, 259084.317, 100
Trd, 259084.750, 100
Trd, 259084.817, 100
Trd, 259084.883, 99
Trd, 259085.583, 99
Trd, 259085.617, 100
Trd, 259085.833, 98
Trd, 259086.050, 103
Trd, 259086.417, 95
Trd, 259087.133, 105
Trd, 259088.067, 103
Trd, 259088.817, 98
Trd, 259089.050, 101
Trd, 259089.183, 98
Trd, 259089.267, 102
Trd, 259089.867, 100
Trd, 259090.250, 108
Trd, 259090.900, 106
Trd, 259091.383, 107
Trd, 259091.533, 101
Trd, 259091.550, 108
Trd, 259092.317, 103
Trd, 259092.400, 106
Trd, 259093.050, 106
Trd, 259093.600, 106
Trd, 259093.733, 104
Trd, 259093.783, 107
Trd, 259094.217, 105
Trd, 259095.750, 103
Trd, 259095.900, 102
Trd, 259096.100, 102
Trd, 259096.250, 103
Trd, 259096.633, 103
Trd, 259096.717, 95
Trd, 259097.483, 104
Trd, 259097.750, 102
Trd, 259097.867, 101
Trd, 259097.883, 104
Trd, 259098.000, 105
Trd, 259098.067, 105
Trd, 259098.100, 109
Trd, 259098.433, 101
Trd, 259099.200, 101
Trd, 259099.300, 100
Trd, 259099.483, 97
Trd, 259101.317, 93
Trd, 259101.433, 94
Trd, 259101.717, 94
Trd, 259103.267, 98
Trd, 259103.483, 94
Trd, 259103.750, 99
Trd, 259103.783, 104
Trd, 259103.800, 115
Trd, 259103.950, 93
Trd, 259104.267, 108
Trd, 259104.717, 109
Trd, 259105.350, 111
Trd, 259105.367, 109
Trd, 259105.500, 109
Trd, 259106.200, 108
Trd, 259106.367, 96
Trd, 259106.600, 106
Trd, 259107.400, 103
Trd, 259107.567, 102
Trd, 259107.633, 104
Trd, 259107.667, 109
Trd, 259107.800, 101
Trd, 259108.133, 99
Trd, 259109.367, 108
Trd, 259109.383, 106
Trd, 259109.967, 100
Trd, 259110.333, 100
Trd, 259110.583, 98
Trd, 259111.133, 95
Trd, 259111.350, 103
Trd, 259111.383, 104
Trd, 259111.750, 94
Trd, 259112.800, 95
Trd, 259112.867, 93
Trd, 259113.150, 101
Trd, 259113.617, 99
Trd, 259114.433, 99
Trd, 259115.300, 100
Trd, 259115.450, 99
Trd, 259115.550, 102
Trd, 259115.683, 102
Trd, 259116.167, 106
Trd, 259116.900, 106
Trd, 259117.400, 104
Trd, 259117.433, 107
Trd, 259117.883, 104
Trd, 259119.000, 104
Trd, 259119.033, 107
Trd, 259119.333, 108
Trd, 259119.383, 109
Trd, 259120.117, 106
Trd, 259120.167, 104
Trd, 259120.400, 110
Trd, 259120.983, 101
Trd, 259121.317, 112
Trd, 259121.450, 98
Trd, 259121.567, 95
Trd, 259122.450, 106
Trd, 259122.950, 96
Trd, 259123.167, 109
Trd, 259123.983, 108
Trd, 259124.183, 101
Trd, 259124.667, 108
Trd, 259125.217, 107
Trd, 259125.950, 100
Trd, 259126.017, 102
Trd, 259126.450, 100
Trd, 259126.500, 98
Trd, 259126.833, 100
Trd, 259126.883, 99
Trd, 259127.283, 99
Trd, 259127.550, 102
Trd, 259127.567, 103
Trd, 259128.067, 102
Trd, 259128.083, 99
Trd, 259128.817, 102
Trd, 259129.333, 97
Trd, 259130.100, 97
Trd, 259130.400, 96
Trd, 259130.517, 95
Trd, 259130.817, 101
Trd, 259130.883, 93
Trd, 259132.150, 98
Trd, 259132.500, 103
Trd, 259132.583, 109
Trd, 259132.650, 97
Trd, 259132.817, 117
Trd, 259133.583, 113
Trd, 259134.117, 115
Trd, 259134.917, 112
Trd, 259135.167, 112
Trd, 259135.267, 109
Trd, 259135.567, 106
Trd, 259135.817, 105
Trd, 259135.917, 104
Trd, 259136.200, 106
Trd, 259136.650, 101
Trd, 259137.383, 104
Trd, 259137.467, 105
Trd, 259137.617, 103
Trd, 259138.050, 101
Trd, 259138.617, 106
Trd, 259139.250, 105
Trd, 259139.633, 105
Trd, 259139.867, 104
Trd, 259139.950, 103
Trd, 259140.033, 106
Trd, 259140.267, 101
Trd, 259140.700, 107
Trd, 259141.317, 98
Trd, 259141.983, 104
Trd, 259142.133, 98
Trd, 259142.200, 97
Trd, 259142.800, 97
Trd, 259142.900, 101
Trd, 259143.183, 102
Trd, 259143.583, 92
Trd, 259143.617, 104
Trd, 259143.717, 105
Trd, 259145.150, 98
Trd, 259145.183, 96
Trd, 259145.783, 97
Trd, 259145.967, 99
Trd, 259146.733, 98
Trd, 259146.967, 105
Trd, 259147.133, 106
Trd, 259147.900, 105
Trd, 259147.933, 100
Trd, 259148.283, 105
Trd, 259148.783, 105
Trd, 259148.833, 104
Trd, 259148.933, 101
Trd, 259149.067, 106
Trd, 259149.250, 98
Trd, 259149.600, 107
Trd, 259151.533, 105
Trd, 259151.967, 105
Trd, 259152.150, 105
Trd, 259152.183, 104
Trd, 259152.400, 106
Trd, 259152.717, 104
Trd, 259153.417, 105
Trd, 259153.567, 108
Trd, 259153.767, 98
Trd, 259153.883, 107
Trd, 259153.967, 98
Trd, 259154.250, 109
Trd, 259154.417, 112
Trd, 259155.150, 98
Trd, 259155.617, 101
Trd, 259156.017, 109
Trd, 259157.150, 103
Trd, 259157.400, 103
Trd, 259157.450, 102
Trd, 259157.783, 100
Trd, 259158.083, 103
Trd, 259158.117, 101
Trd, 259158.267, 104
Trd, 259158.450, 109
Trd, 259158.467, 110
Trd, 259158.633, 111
Trd, 259160.517, 106
Trd, 259160.533, 104
Trd, 259160.767, 105
Trd, 259160.883, 104
Trd, 259161.450, 101
Trd, 259161.650, 90
Trd, 259161.783, 101
Trd, 259161.917, 91
Trd, 259162.050, 102
Trd, 259162.100, 109
Trd, 259162.967, 97
Trd, 259163.983, 95
Trd, 259164.067, 103
Trd, 259165.133, 97
Trd, 259165.600, 103
Trd, 259166.000, 101
Trd, 259166.350, 100
Trd, 259166.617, 102
Trd, 259166.800, 102
Trd, 259167.900, 103
Trd, 259168.400, 109
Trd, 259168.617, 106
Trd, 259169.000, 104
Trd, 259169.317, 108
Trd, 259169.500, 109
Trd, 259169.700, 105
Trd, 259169.967, 104
Trd, 259169.983, 108
Trd, 259170.633, 104
Trd, 259170.683, 109
Trd, 259171.267, 108
Trd, 259171.583, 106
Trd, 259171.867, 108
Trd, 259172.833, 102
Trd, 259173.200, 97
Trd, 259173.617, 95
Trd, 259173.767, 98
Trd, 259174.083, 97
Trd, 259174.417, 98
Trd, 259174.550, 91
Trd, 259175.000, 101
Trd, 259175.850, 101
Trd, 259176.050, 101
Trd, 259176.433, 103
Trd, 259176.650, 100
Trd, 259176.800, 104
Trd, 259176.833, 99
Trd, 259177.567, 97
Trd, 259177.650, 101
Trd, 259177.700, 100
Trd, 259177.850, 101
Trd, 259178.717, 98
Trd, 259179.083, 100
Trd, 259179.433, 97
Trd, 259180.133, 97
Trd, 259180.267, 96
Trd, 259180.367, 95
Trd, 259180.467, 100
Trd, 259181.383, 105
Trd, 259181.617, 98
Trd, 259181.967, 101
Trd, 259182.200, 105
Trd, 259182.533, 106
Trd, 259183.383, 104
Trd, 259183.833, 104
Trd, 259184.167, 97
Trd, 259184.250, 96
Trd, 259184.917, 101
Trd, 259185.150, 100
Trd, 259185.367, 99
Trd, 259186.883, 96
Trd, 259187.167, 95
Trd, 259187.217, 94
Trd, 259187.400, 93
Trd, 259187.567, 93
Trd, 259187.650, 94
Trd, 259187.833, 96
Trd, 259188.933, 94
Trd, 259189.250, 98
Trd, 259189.350, 98
Trd, 259190.550, 99
Trd, 259190.933, 100
Trd, 259191.117, 99
Trd, 259191.500, 100
Trd, 259191.717, 99
Trd, 259191.833, 104
Trd, 259193.233, 103
Trd, 259193.533, 108
Trd, 259193.683, 109
Trd, 259194.100, 98
Trd, 259194.400, 102
Trd, 259194.667, 103
Trd, 259194.983, 106
Trd, 259195.833, 106
Trd, 259195.967, 109
Trd, 259196.683, 107
Trd, 259197.767, 106
Trd, 259198.000, 107
Trd, 259198.033, 104
Trd, 259198.067, 99
Trd, 259198.483, 98
Trd, 259198.517, 94
Trd, 259198.833, 107
Trd, 259199.300, 109
Trd, 259199.833, 103
