Trd, 258497.917, 106
Trd, 258498.867, 97
Trd, 258499.400, 99
Trd, 258499.733, 96
Trd, 258499.833, 95
Trd, 258500.483, 95
Trd, 258500.700, 95
Trd, 258500.783, 88
Trd, 258501.267, 89
Trd, 258501.283, 101
Trd, 258502.283, 89
Trd, 258502.917, 95
Trd, 258503.233, 92
Trd, 258503.550, 104
Trd, 258504.017, 87
Trd, 258504.667, 100
Trd, 258505.783, 91
Trd, 258506.883, 97
Trd, 258507.250, 91
Trd, 258507.867, 95
Trd, 258507.983, 94
Trd, 258508.233, 100
Trd, 258508.250, 95
Trd, 258508.833, 104
Trd, 258509.283, 90
Trd, 258509.767, 106
Trd, 258510.250, 106
Trd, 258510.417, 93
Trd, 258510.517, 86
Trd, 258510.633, 86
Trd, 258510.933, 109
Trd, 258511.483, 93
Trd, 258511.733, 119
Trd, 258512.983, 107
Trd, 258513.000, 92
Trd, 258513.283, 93
Trd, 258513.650, 107
Trd, 258513.700, 102
Trd, 258514.017, 106
Trd, 258514.900, 93
Trd, 258515.183, 92
Trd, 258515.283, 95
Trd, 258515.500, 92
Trd, 258515.567, 108
Trd, 258516.133, 106
Trd, 258517.333, 104
Trd, 258517.417, 103
Trd, 258518.233, 117
Trd, 258518.300, 98
Trd, 258519.217, 95
Trd, 258519.467, 123
Trd, 258519.800, 106
Trd, 258519.917, 93
Trd, 258519.967, 91
Trd, 258520.050, 90
Trd, 258520.317, 90
Trd, 258521.417, 108
Trd, 258521.483, 106
Trd, 258521.967, 106
Trd, 258522.233, 107
Trd, 258522.300, 107
Trd, 258523.000, 106
Trd, 258523.033, 118
Trd, 258523.183, 105
Trd, 258523.433, 106
Trd, 258523.467, 112
Trd, 258523.550, 121
Trd, 258523.567, 88
Trd, 258524.183, 85
Trd, 258525.100, 77
Trd, 258525.250, 96
Trd, 258526.183, 88
Trd, 258526.200, 107
Trd, 258529.267, 97
Trd, 258529.383, 98
Trd, 258529.483, 97
Trd, 258529.733, 100
Trd, 258529.950, 96
Trd, 258530.583, 101
Trd, 258530.717, 104
Trd, 258531.017, 91
Trd, 258532.100, 106
Trd, 258532.583, 95
Trd, 258532.767, 93
Trd, 258532.883, 96
Trd, 258533.433, 106
Trd, 258533.800, 107
Trd, 258534.650, 104
Trd, 258535.000, 104
Trd, 258535.417, 104
Trd, 258536.267, 91
Trd, 258536.350, 105
Trd, 258536.617, 110
Trd, 258536.850, 90
Trd, 258537.183, 91
Trd, 258537.800, 113
Trd, 258537.817, 87
Trd, 258538.333, 102
Trd, 258539.067, 104
Trd, 258539.200, 87
Trd, 258539.283, 97
Trd, 258539.717, 87
Trd, 258540.967, 114
Trd, 258541.650, 107
Trd, 258542.050, 107
Trd, 258542.483, 113
Trd, 258542.617, 113
Trd, 258542.683, 105
Trd, 258543.217, 102
Trd, 258544.967, 103
Trd, 258545.783, 102
Trd, 258545.817, 100
Trd, 258545.867, 109
Trd, 258546.100, 99
Trd, 258547.167, 97
Trd, 258547.817, 93
Trd, 258548.117, 106
Trd, 258548.533, 100
Trd, 258548.900, 107
Trd, 258549.617, 96
Trd, 258549.750, 94
Trd, 258550.033, 91
Trd, 258550.833, 102
Trd, 258551.067, 90
Trd, 258551.483, 89
Trd, 258552.033, 103
Trd, 258552.083, 118
Trd, 258552.650, 104
Trd, 258553.200, 91
Trd, 258553.883, 94
Trd, 258554.267, 99
Trd, 258554.800, 87
Trd, 258554.967, 83
Trd, 258555.317, 82
Trd, 258556.917, 99
Trd, 258557.050, 97
Trd, 258557.150, 96
Trd, 258557.167, 90
Trd, 258557.217, 100
Trd, 258557.350, 84
Trd, 258558.667, 100
Trd, 258558.750, 99
Trd, 258558.883, 104
Trd, 258559.417, 105
Trd, 258559.750, 101
Trd, 258560.033, 101
Trd, 258560.083, 106
Trd, 258560.667, 100
Trd, 258561.433, 96
Trd, 258561.767, 87
Trd, 258562.267, 93
Trd, 258562.500, 102
Trd, 258562.533, 103
Trd, 258563.783, 104
Trd, 258564.317, 91
Trd, 258565.150, 102
Trd, 258565.350, 98
Trd, 258565.383, 97
Trd, 258565.700, 108
Trd, 258565.883, 97
Trd, 258566.133, 93
Trd, 258566.150, 87
Trd, 258566.633, 109
Trd, 258566.700, 106
Trd, 258567.350, 110
Trd, 258568.433, 114
Trd, 258569.633, 99
Trd, 258570.450, 99
Trd, 258570.583, 97
Trd, 258571.283, 106
Trd, 258571.417, 113
Trd, 258571.433, 100
Trd, 258571.683, 98
Trd, 258572.367, 95
Trd, 258573.717, 101
Trd, 258573.983, 96
Trd, 258574.017, 96
Trd, 258574.817, 96
Trd, 258575.050, 92
Trd, 258575.150, 99
Trd, 258575.550, 87
Trd, 258575.983, 92
Trd, 258576.117, 101
Trd, 258576.550, 95
Trd, 258577.367, 104
Trd, 258577.717, 84
Trd, 258577.950, 105
Trd, 258578.500, 115
Trd, 258578.517, 90
Trd, 258578.967, 95
Trd, 258580.033, 106
Trd, 258580.667, 93
Trd, 258581.350, 95
Trd, 258581.700, 95
Trd, 258582.133, 89
Trd, 258583.150, 95
Trd, 258583.517, 88
Trd, 258583.567, 98
Trd, 258584.233, 98
Trd, 258584.333, 99
Trd, 258584.700, 89
Trd, 258585.117, 91
Trd, 258585.400, 103
Trd, 258585.550, 91
Trd, 258585.683, 105
Trd, 258585.917, 116
Trd, 258586.833, 105
Trd, 258587.117, 105
Trd, 258587.183, 90
Trd, 258587.517, 94
Trd, 258587.750, 87
Trd, 258588.367, 110
Trd, 258588.600, 107
Trd, 258589.167, 105
Trd, 258589.333, 93
Trd, 258589.917, 105
Trd, 258590.850, 92
Trd, 258591.250, 96
Trd, 258591.367, 91
Trd, 258593.033, 95
Trd, 258593.267, 95
Trd, 258593.300, 92
Trd, 258593.467, 108
Trd, 258594.167, 99
Trd, 258595.283, 101
Trd, 258595.433, 106
Trd, 258595.933, 100
Trd, 258596.700, 101
Trd, 258596.817, 100
Trd, 258596.850, 94
Trd, 258597.133, 117
Trd, 258597.750, 107
Trd, 258599.167, 103
Trd, 258599.700, 113
Trd, 258599.783, 115
Trd, 258600.283, 115
Trd, 258600.467, 112
Trd, 258601.000, 106
Trd, 258601.250, 104
Trd, 258602.200, 100
Trd, 258602.967, 88
Trd, 258603.200, 106
Trd, 258603.333, 87
Trd, 258603.367, 87
Trd, 258603.417, 105
Trd, 258603.850, 84
Trd, 258604.133, 103
Trd, 258604.650, 105
Trd, 258604.983, 90
Trd, 258605.450, 110
Trd, 258605.583, 116
Trd, 258605.767, 91
Trd, 258605.783, 81
Trd, 258606.650, 90
Trd, 258607.300, 99
Trd, 258607.383, 100
Trd, 258607.617, 89
Trd, 258608.567, 92
Trd, 258608.800, 101
Trd, 258609.067, 89
Trd, 258609.933, 88
Trd, 258610.350, 90
Trd, 258610.400, 97
Trd, 258610.967, 101
Trd, 258611.433, 92
Trd, 258611.583, 91
Trd, 258612.100, 103
Trd, 258612.517, 102
Trd, 258613.167, 88
Trd, 258613.533, 95
Trd, 258614.283, 87
Trd, 258614.450, 95
Trd, 258614.667, 96
Trd, 258615.000, 104
Trd, 258615.550, 89
Trd, 258615.633, 98
Trd, 258616.467, 116
Trd, 258616.867, 115
Trd, 258616.950, 108
Trd, 258617.367, 109
Trd, 258617.517, 112
Trd, 258617.850, 108
Trd, 258618.367, 98
Trd, 258618.783, 92
Trd, 258619.850, 89
Trd, 258620.033, 86
Trd, 258620.133, 84
Trd, 258620.267, 98
Trd, 258621.083, 100
Trd, 258621.267, 99
Trd, 258621.317, 98
Trd, 258621.500, 101
Trd, 258621.667, 104
Trd, 258622.550, 102
Trd, 258623.067, 97
Trd, 258623.233, 103
Trd, 258623.317, 105
Trd, 258624.950, 96
Trd, 258625.367, 120
Trd, 258625.950, 103
Trd, 258626.833, 102
Trd, 258627.067, 100
Trd, 258627.783, 100
Trd, 258627.933, 111
Trd, 258628.217, 95
Trd, 258628.350, 104
Trd, 258628.917, 95
Trd, 258629.517, 103
Trd, 258629.750, 95
Trd, 258630.367, 105
Trd, 258630.533, 93
Trd, 258630.583, 112
Trd, 258630.767, 90
Trd, 258630.917, 87
Trd, 258631.200, 99
Trd, 258632.183, 113
Trd, 258632.483, 94
Trd, 258633.500, 105
Trd, 258633.667, 104
Trd, 258633.683, 103
Trd, 258634.767, 116
Trd, 258634.817, 115
Trd, 258635.617, 111
Trd, 258635.867, 87
Trd, 258636.467, 93
Trd, 258637.483, 98
Trd, 258637.650, 105
Trd, 258637.700, 96
Trd, 258637.967, 100
Trd, 258638.500, 105
Trd, 258638.683, 106
Trd, 258639.317, 109
Trd, 258639.550, 106
Trd, 258640.650, 108
Trd, 258640.950, 106
Trd, 258641.450, 107
Trd, 258641.817, 107
Trd, 258642.633, 108
Trd, 258642.817, 118
Trd, 258642.833, 108
Trd, 258643.117, 106
Trd, 258643.183, 98
Trd, 258643.617, 90
Trd, 258643.783, 87
Trd, 258644.050, 126
Trd, 258644.467, 117
Trd, 258645.083, 116
Trd, 258645.233, 105
Trd, 258646.383, 97
Trd, 258646.800, 96
Trd, 258646.833, 94
Trd, 258646.850, 95
Trd, 258647.517, 102
Trd, 258647.700, 106
Trd, 258647.833, 96
Trd, 258647.867, 95
Trd, 258648.567, 92
Trd, 258649.183, 86
Trd, 258649.250, 78
Trd, 258649.333, 76
Trd, 258651.483, 91
Trd, 258652.083, 93
Trd, 258652.317, 95
Trd, 258652.767, 101
Trd, 258652.967, 94
Trd, 258653.500, 103
Trd, 258654.083, 98
Trd, 258654.250, 94
Trd, 258654.283, 98
Trd, 258655.517, 101
Trd, 258655.967, 107
Trd, 258656.067, 95
Trd, 258656.150, 96
Trd, 258656.317, 95
Trd, 258657.183, 92
Trd, 258658.133, 104
Trd, 258658.267, 91
Trd, 258658.717, 114
Trd, 258659.217, 107
Trd, 258659.450, 92
Trd, 258659.933, 100
Trd, 258660.283, 99
Trd, 258660.667, 101
Trd, 258661.617, 115
Trd, 258662.000, 109
Trd, 258662.267, 107
Trd, 258663.233, 106
Trd, 258663.750, 101
Trd, 258664.400, 101
Trd, 258665.650, 95
Trd, 258666.117, 100
Trd, 258666.183, 101
Trd, 258666.817, 99
Trd, 258666.967, 99
Trd, 258667.133, 104
Trd, 258667.300, 95
Trd, 258667.817, 105
Trd, 258668.283, 117
Trd, 258668.767, 104
Trd, 258669.000, 97
Trd, 258669.067, 97
Trd, 258669.367, 96
Trd, 258669.867, 112
Trd, 258670.100, 92
Trd, 258671.400, 92
Trd, 258671.433, 95
Trd, 258672.000, 101
Trd, 258672.267, 90
Trd, 258672.517, 130
Trd, 258672.867, 97
Trd, 258673.467, 102
Trd, 258673.850, 93
Trd, 258674.133, 90
Trd, 258674.333, 89
Trd, 258674.667, 92
Trd, 258674.700, 87
Trd, 258675.483, 94
Trd, 258675.817, 87
Trd, 258676.783, 109
Trd, 258677.117, 94
Trd, 258677.550, 103
Trd, 258677.650, 106
Trd, 258677.900, 112
Trd, 258678.850, 106
Trd, 258679.683, 104
Trd, 258680.133, 102
Trd, 258680.200, 108
Trd, 258681.900, 104
Trd, 258682.000, 104
Trd, 258682.233, 105
Trd, 258682.267, 103
Trd, 258682.550, 93
Trd, 258682.800, 93
Trd, 258683.017, 104
Trd, 258683.067, 106
Trd, 258683.983, 90
Trd, 258684.250, 97
Trd, 258684.333, 91
Trd, 258684.650, 100
Trd, 258684.867, 94
Trd, 258685.117, 97
Trd, 258685.150, 111
Trd, 258686.550, 109
Trd, 258687.033, 107
Trd, 258687.567, 98
Trd, 258687.733, 104
Trd, 258687.750, 98
Trd, 258688.233, 106
Trd, 258688.817, 91
Trd, 258690.133, 108
Trd, 258690.150, 107
Trd, 258690.167, 106
Trd, 258690.867, 98
Trd, 258691.633, 113
Trd, 258691.750, 90
Trd, 258692.450, 91
Trd, 258692.683, 92
Trd, 258693.167, 113
Trd, 258693.233, 112
Trd, 258693.483, 106
Trd, 258694.117, 113
Trd, 258694.133, 100
Trd, 258694.167, 100
Trd, 258694.483, 100
Trd, 258694.950, 104
Trd, 258695.983, 108
Trd, 258697.900, 107
Trd, 258697.917, 105
Trd, 258698.467, 104
Trd, 258698.700, 100
Trd, 258699.017, 90
Trd, 258699.733, 87
Trd, 258699.783, 102
Trd, 258700.583, 102
Trd, 258700.617, 88
Trd, 258700.950, 119
Trd, 258701.317, 86
Trd, 258702.583, 91
Trd, 258703.550, 93
Trd, 258703.867, 106
Trd, 258704.067, 105
Trd, 258704.300, 114
Trd, 258704.667, 106
Trd, 258704.767, 105
Trd, 258704.900, 105
Trd, 258705.050, 114
Trd, 258706.100, 106
Trd, 258706.333, 107
Trd, 258707.617, 108
Trd, 258707.850, 106
Trd, 258708.033, 105
Trd, 258708.450, 98
Trd, 258708.917, 99
Trd, 258709.400, 108
Trd, 258709.750, 110
Trd, 258710.400, 98
Trd, 258710.650, 97
Trd, 258710.733, 96
Trd, 258710.933, 103
Trd, 258711.750, 107
Trd, 258712.083, 106
Trd, 258712.333, 111
Trd, 258712.800, 93
Trd, 258713.083, 96
Trd, 258713.550, 110
Trd, 258713.567, 116
Trd, 258714.650, 108
Trd, 258714.817, 107
Trd, 258714.900, 106
Trd, 258716.133, 95
Trd, 258716.667, 90
Trd, 258717.400, 87
Trd, 258717.450, 105
Trd, 258717.983, 87
Trd, 258718.117, 93
Trd, 258718.567, 107
Trd, 258718.667, 97
Trd, 258718.750, 96
Trd, 258719.367, 92
Trd, 258719.500, 91
Trd, 258719.667, 89
Trd, 258719.883, 94
Trd, 258721.783, 102
Trd, 258721.867, 103
Trd, 258723.250, 92
Trd, 258723.317, 92
Trd, 258723.517, 91
Trd, 258723.833, 99
Trd, 258724.317, 103
Trd, 258724.383, 105
Trd, 258724.500, 104
Trd, 258725.767, 97
Trd, 258726.383, 97
Trd, 258726.467, 95
Trd, 258727.267, 90
Trd, 258727.567, 91
Trd, 258727.850, 101
Trd, 258728.150, 105
Trd, 258729.200, 106
Trd, 258729.267, 106
Trd, 258729.367, 105
Trd, 258729.400, 105
Trd, 258729.833, 104
Trd, 258729.900, 99
Trd, 258730.200, 112
Trd, 258730.250, 96
Trd, 258730.617, 99
Trd, 258731.417, 88
Trd, 258732.433, 87
Trd, 258732.650, 103
Trd, 258732.933, 103
Trd, 258733.017, 96
Trd, 258733.650, 106
Trd, 258733.933, 91
Trd, 258734.583, 99
Trd, 258734.667, 97
Trd, 258734.917, 101
Trd, 258735.800, 106
Trd, 258736.033, 99
Trd, 258736.333, 110
Trd, 258736.850, 101
Trd, 258738.300, 106
Trd, 258739.200, 108
Trd, 258739.300, 107
Trd, 258740.333, 102
Trd, 258740.550, 101
Trd, 258740.967, 99
Trd, 258741.367, 102
Trd, 258741.550, 95
Trd, 258741.867, 90
Trd, 258742.800, 96
Trd, 258743.367, 92
Trd, 258743.583, 94
Trd, 258743.967, 102
Trd, 258745.050, 102
Trd, 258745.867, 96
Trd, 258746.033, 95
Trd, 258746.100, 119
Trd, 258746.383, 100
Trd, 258746.483, 89
Trd, 258746.683, 88
Trd, 258746.783, 92
Trd, 258747.067, 104
Trd, 258747.600, 87
Trd, 258747.950, 105
Trd, 258748.250, 96
Trd, 258748.850, 105
Trd, 258750.417, 90
Trd, 258750.733, 104
Trd, 258751.517, 91
Trd, 258751.767, 102
Trd, 258751.833, 100
Trd, 258752.150, 103
Trd, 258752.533, 95
Trd, 258752.883, 92
Trd, 258753.300, 91
Trd, 258754.050, 115
Trd, 258755.000, 118
Trd, 258755.033, 117
Trd, 258755.400, 119
Trd, 258755.533, 108
Trd, 258755.550, 87
Trd, 258756.183, 122
Trd, 258756.450, 122
Trd, 258756.933, 93
Trd, 258757.350, 90
Trd, 258757.683, 91
Trd, 258758.183, 84
Trd, 258758.600, 105
Trd, 258759.650, 95
Trd, 258759.767, 93
Trd, 258760.100, 100
Trd, 258760.683, 113
Trd, 258761.583, 99
Trd, 258761.983, 102
Trd, 258762.000, 97
Trd, 258763.133, 98
Trd, 258763.467, 99
Trd, 258763.683, 103
Trd, 258764.300, 95
Trd, 258765.267, 99
Trd, 258765.833, 101
Trd, 258765.900, 101
Trd, 258766.717, 102
Trd, 258766.900, 101
Trd, 258767.250, 102
Trd, 258768.067, 104
Trd, 258768.200, 104
Trd, 258768.400, 101
Trd, 258768.750, 115
Trd, 258769.117, 104
Trd, 258769.300, 115
Trd, 258769.517, 97
Trd, 258769.567, 96
Trd, 258770.717, 114
Trd, 258770.883, 124
Trd, 258770.917, 112
Trd, 258771.217, 109
Trd, 258771.300, 108
Trd, 258771.583, 117
Trd, 258772.500, 106
Trd, 258772.583, 105
Trd, 258773.100, 92
Trd, 258774.250, 97
Trd, 258775.300, 97
Trd, 258775.433, 98
Trd, 258775.817, 90
Trd, 258776.617, 106
Trd, 258777.550, 101
Trd, 258778.000, 105
Trd, 258778.133, 100
Trd, 258778.167, 93
Trd, 258778.200, 106
Trd, 258778.617, 89
Trd, 258778.683, 87
Trd, 258778.917, 106
Trd, 258779.600, 92
Trd, 258780.217, 106
Trd, 258781.250, 100
Trd, 258782.600, 101
Trd, 258782.900, 103
Trd, 258782.917, 102
Trd, 258783.450, 99
Trd, 258784.200, 93
Trd, 258784.433, 101
Trd, 258785.550, 89
Trd, 258786.017, 96
Trd, 258786.050, 97
Trd, 258786.533, 95
Trd, 258786.983, 95
Trd, 258787.617, 98
Trd, 258787.733, 96
Trd, 258787.850, 102
Trd, 258787.917, 104
Trd, 258788.217, 110
Trd, 258789.533, 107
Trd, 258789.583, 106
Trd, 258790.250, 118
Trd, 258790.283, 113
Trd, 258791.300, 95
Trd, 258791.450, 94
Trd, 258792.300, 92
Trd, 258792.850, 100
Trd, 258793.500, 116
Trd, 258794.133, 99
Trd, 258794.183, 99
Trd, 258794.200, 92
Trd, 258794.283, 94
Trd, 258794.517, 106
Trd, 258794.917, 103
Trd, 258795.000, 90
Trd, 258796.183, 111
Trd, 258797.183, 97
Trd, 258798.283, 98
Trd, 258798.483, 94
Trd, 258798.667, 96
Trd, 258798.900, 93
Trd, 258798.917, 106
Trd, 258799.617, 113
Trd, 258799.883, 106
Trd, 258800.133, 90
Trd, 258800.750, 115
Trd, 258801.733, 94
Trd, 258802.383, 90
Trd, 258802.633, 95
Trd, 258802.650, 96
Trd, 258802.767, 88
Trd, 258802.783, 98
Trd, 258802.950, 88
Trd, 258803.733, 100
Trd, 258805.133, 95
Trd, 258805.917, 94
Trd, 258806.100, 90
Trd, 258806.533, 90
Trd, 258807.267, 99
Trd, 258807.600, 98
Trd, 258807.750, 101
Trd, 258808.767, 101
Trd, 258808.950, 100
Trd, 258808.967, 104
Trd, 258809.567, 100
Trd, 258810.183, 106
Trd, 258810.383, 98
Trd, 258811.417, 110
Trd, 258812.217, 100
Trd, 258812.517, 103
Trd, 258812.650, 103
Trd, 258813.000, 107
Trd, 258813.800, 98
Trd, 258813.967, 95
Trd, 258814.883, 91
Trd, 258815.300, 101
Trd, 258815.717, 104
Trd, 258815.783, 118
Trd, 258816.167, 90
Trd, 258816.350, 101
Trd, 258817.817, 99
Trd, 258817.883, 99
Trd, 258817.950, 92
Trd, 258818.933, 102
Trd, 258819.467, 102
Trd, 258819.500, 101
Trd, 258819.733, 111
Trd, 258820.150, 107
Trd, 258820.383, 105
Trd, 258820.600, 101
Trd, 258820.900, 116
Trd, 258821.700, 119
Trd, 258821.717, 117
Trd, 258821.750, 109
Trd, 258822.300, 119
Trd, 258822.550, 110
Trd, 258823.483, 112
Trd, 258823.717, 114
Trd, 258823.900, 111
Trd, 258823.933, 108
Trd, 258824.000, 114
Trd, 258824.167, 105
Trd, 258824.550, 98
Trd, 258825.783, 94
Trd, 258826.267, 96
Trd, 258826.850, 93
Trd, 258826.883, 92
Trd, 258827.050, 96
Trd, 258827.067, 103
Trd, 258828.900, 102
Trd, 258830.050, 103
Trd, 258830.233, 104
Trd, 258830.467, 96
Trd, 258832.567, 97
Trd, 258832.583, 100
Trd, 258832.600, 102
Trd, 258832.633, 95
Trd, 258833.217, 108
Trd, 258833.450, 109
Trd, 258833.733, 109
Trd, 258833.883, 100
Trd, 258834.217, 90
Trd, 258834.683, 86
Trd, 258836.067, 92
Trd, 258836.783, 106
Trd, 258837.200, 93
Trd, 258837.383, 92
Trd, 258838.133, 97
Trd, 258838.517, 100
Trd, 258838.600, 101
Trd, 258838.617, 122
Trd, 258839.933, 109
Trd, 258840.167, 105
Trd, 258840.567, 105
Trd, 258841.883, 106
Trd, 258841.950, 101
Trd, 258842.400, 95
Trd, 258842.850, 107
Trd, 258842.933, 90
Trd, 258843.283, 90
Trd, 258843.733, 102
Trd, 258843.867, 108
Trd, 258843.967, 87
Trd, 258844.083, 102
Trd, 258844.533, 116
Trd, 258845.200, 95
Trd, 258845.233, 83
Trd, 258845.817, 103
Trd, 258845.950, 102
Trd, 258846.483, 87
Trd, 258847.783, 107
Trd, 258847.833, 103
Trd, 258848.017, 108
Trd, 258848.350, 98
Trd, 258848.467, 112
Trd, 258848.567, 88
Trd, 258848.917, 117
Trd, 258849.100, 73
Trd, 258849.600, 112
Trd, 258849.867, 108
Trd, 258850.267, 102
Trd, 258850.717, 82
Trd, 258851.200, 90
Trd, 258851.400, 91
Trd, 258851.850, 106
Trd, 258852.667, 96
Trd, 258853.883, 93
Trd, 258853.917, 90
Trd, 258854.617, 94
Trd, 258855.350, 94
Trd, 258855.600, 101
Trd, 258856.000, 95
Trd, 258856.300, 91
Trd, 258856.500, 92
Trd, 258856.683, 105
Trd, 258857.667, 101
Trd, 258857.800, 91
Trd, 258858.617, 101
Trd, 258858.767, 92
Trd, 258859.033, 91
Trd, 258859.667, 96
Trd, 258859.933, 110
Trd, 258860.583, 121
Trd, 258860.600, 105
Trd, 258861.317, 100
Trd, 258862.150, 100
Trd, 258862.317, 97
Trd, 258862.450, 90
Trd, 258863.633, 103
Trd, 258864.283, 93
Trd, 258864.667, 91
Trd, 258865.150, 98
Trd, 258865.367, 88
Trd, 258867.000, 107
Trd, 258867.283, 100
Trd, 258867.417, 98
Trd, 258867.483, 97
Trd, 258868.033, 95
Trd, 258868.300, 103
Trd, 258868.350, 110
Trd, 258868.417, 94
Trd, 258868.617, 123
Trd, 258869.150, 94
Trd, 258869.467, 86
Trd, 258870.700, 100
Trd, 258871.983, 87
Trd, 258872.050, 87
Trd, 258872.533, 93
Trd, 258873.083, 89
Trd, 258873.117, 101
Trd, 258873.800, 96
Trd, 258874.033, 105
Trd, 258874.100, 94
Trd, 258874.550, 102
Trd, 258874.633, 91
Trd, 258875.033, 125
Trd, 258875.783, 98
Trd, 258876.167, 98
Trd, 258876.400, 97
Trd, 258876.833, 103
Trd, 258877.650, 96
Trd, 258878.733, 95
Trd, 258878.933, 103
Trd, 258878.983, 91
Trd, 258879.450, 103
Trd, 258879.550, 92
Trd, 258879.683, 115
Trd, 258880.217, 99
Trd, 258881.583, 98
Trd, 258881.833, 99
Trd, 258882.317, 103
Trd, 258882.617, 93
Trd, 258883.233, 108
Trd, 258884.267, 112
Trd, 258884.900, 94
Trd, 258884.983, 90
Trd, 258885.667, 111
Trd, 258885.850, 88
Trd, 258886.617, 113
Trd, 258886.983, 121
Trd, 258887.817, 104
Trd, 258888.067, 105
Trd, 258888.300, 107
Trd, 258888.767, 106
Trd, 258888.783, 105
Trd, 258889.017, 105
Trd, 258889.800, 109
Trd, 258890.050, 112
Trd, 258890.817, 112
Trd, 258890.917, 103
Trd, 258891.917, 106
Trd, 258892.017, 106
Trd, 258892.433, 107
Trd, 258892.583, 106
Trd, 258893.100, 104
Trd, 258893.150, 104
Trd, 258893.200, 95
Trd, 258893.367, 107
Trd, 258895.000, 93
Trd, 258895.467, 92
Trd, 258895.633, 90
Trd, 258895.667, 102
Trd, 258896.383, 95
Trd, 258897.350, 95
Trd, 258897.617, 94
Trd, 258897.717, 101
Trd, 258897.783, 103
Trd, 258897.950, 110
Trd, 258898.667, 93
Trd, 258898.783, 91
Trd, 258899.800, 91
Trd, 258900.683, 93
Trd, 258901.017, 115
Trd, 258901.083, 106
Trd, 258901.150, 114
Trd, 258902.650, 92
Trd, 258903.333, 96
Trd, 258903.567, 95
Trd, 258903.983, 99
Trd, 258904.300, 97
Trd, 258904.317, 95
Trd, 258904.533, 96
Trd, 258904.550, 101
Trd, 258904.667, 94
Trd, 258905.400, 100
Trd, 258906.200, 91
Trd, 258906.783, 97
Trd, 258907.417, 100
Trd, 258908.133, 92
Trd, 258909.233, 104
Trd, 258909.400, 91
Trd, 258909.633, 90
Trd, 258909.667, 87
Trd, 258910.017, 104
Trd, 258911.117, 85
Trd, 258912.150, 109
Trd, 258912.600, 98
Trd, 258912.650, 92
Trd, 258913.167, 95
Trd, 258913.333, 105
Trd, 258913.500, 93
Trd, 258913.750, 100
Trd, 258914.383, 94
Trd, 258914.417, 92
Trd, 258914.983, 94
Trd, 258916.133, 94
Trd, 258916.167, 92
Trd, 258916.400, 102
Trd, 258916.600, 101
Trd, 258916.900, 91
Trd, 258917.333, 94
Trd, 258917.483, 105
Trd, 258917.800, 90
Trd, 258918.017, 90
Trd, 258918.200, 108
Trd, 258918.450, 99
Trd, 258919.633, 105
Trd, 258919.650, 92
Trd, 258921.050, 102
Trd, 258921.133, 103
Trd, 258921.233, 90
Trd, 258921.433, 90
Trd, 258921.517, 104
Trd, 258922.650, 110
Trd, 258923.733, 94
Trd, 258924.483, 89
Trd, 258924.983, 89
Trd, 258925.133, 86
Trd, 258925.817, 93
Trd, 258925.917, 99
Trd, 258927.117, 95
Trd, 258927.850, 91
Trd, 258928.033, 102
Trd, 258928.083, 84
Trd, 258928.450, 102
Trd, 258928.683, 85
Trd, 258929.317, 86
Trd, 258929.417, 103
Trd, 258929.617, 95
Trd, 258929.717, 103
Trd, 258929.933, 106
Trd, 258930.300, 94
Trd, 258930.583, 106
Trd, 258931.217, 95
Trd, 258931.483, 96
Trd, 258932.400, 93
Trd, 258932.500, 91
Trd, 258933.367, 88
Trd, 258933.833, 105
Trd, 258934.017, 88
Trd, 258934.267, 104
Trd, 258935.467, 101
Trd, 258935.583, 89
Trd, 258935.767, 89
Trd, 258936.783, 96
Trd, 258936.867, 90
Trd, 258937.267, 112
Trd, 258937.817, 101
Trd, 258937.867, 97
Trd, 258938.483, 107
Trd, 258939.067, 105
Trd, 258939.400, 106
Trd, 258939.633, 97
Trd, 258940.100, 93
Trd, 258940.167, 103
Trd, 258940.400, 95
Trd, 258940.417, 108
Trd, 258940.867, 88
Trd, 258941.083, 103
Trd, 258941.417, 108
Trd, 258941.550, 90
Trd, 258941.633, 88
Trd, 258942.950, 90
Trd, 258943.500, 86
Trd, 258944.167, 81
Trd, 258944.200, 99
Trd, 258944.333, 77
Trd, 258944.817, 103
Trd, 258946.050, 104
Trd, 258946.333, 103
Trd, 258946.600, 93
Trd, 258946.950, 85
Trd, 258947.117, 72
Trd, 258948.250, 101
Trd, 258949.567, 95
Trd, 258949.933, 105
Trd, 258950.283, 104
Trd, 258950.650, 95
Trd, 258951.183, 117
Trd, 258951.450, 109
Trd, 258951.767, 107
Trd, 258951.883, 117
Trd, 258952.567, 109
Trd, 258953.283, 123
Trd, 258953.833, 115
Trd, 258954.033, 112
Trd, 258954.217, 108
Trd, 258954.300, 106
Trd, 258955.100, 120
Trd, 258955.133, 119
Trd, 258955.500, 87
Trd, 258956.050, 88
Trd, 258956.100, 81
Trd, 258956.350, 101
Trd, 258956.483, 104
Trd, 258957.650, 97
Trd, 258958.267, 97
Trd, 258958.367, 96
Trd, 258959.300, 95
Trd, 258959.617, 91
Trd, 258959.633, 90
Trd, 258959.800, 116
Trd, 258960.183, 109
Trd, 258961.233, 91
Trd, 258961.450, 86
Trd, 258961.800, 95
Trd, 258962.583, 107
Trd, 258963.000, 106
Trd, 258963.100, 107
Trd, 258963.133, 105
Trd, 258963.200, 105
Trd, 258963.433, 100
Trd, 258964.400, 130
Trd, 258964.633, 98
Trd, 258965.033, 106
Trd, 258965.283, 96
Trd, 258966.567, 106
Trd, 258967.117, 99
Trd, 258967.367, 99
Trd, 258967.517, 114
Trd, 258968.617, 103
Trd, 258968.800, 99
Trd, 258969.017, 99
Trd, 258969.983, 103
Trd, 258970.367, 91
Trd, 258970.733, 102
Trd, 258970.850, 79
Trd, 258971.417, 88
Trd, 258971.617, 101
Trd, 258971.750, 77
Trd, 258972.217, 102
Trd, 258973.650, 105
Trd, 258973.667, 106
Trd, 258973.967, 106
Trd, 258974.200, 120
Trd, 258975.300, 119
Trd, 258975.350, 105
Trd, 258976.033, 106
Trd, 258976.300, 101
Trd, 258977.667, 87
Trd, 258977.683, 82
Trd, 258978.500, 106
Trd, 258978.800, 97
Trd, 258978.833, 98
Trd, 258979.267, 100
Trd, 258980.517, 106
Trd, 258980.817, 104
Trd, 258981.083, 100
Trd, 258982.033, 90
Trd, 258982.683, 91
Trd, 258983.583, 96
Trd, 258983.633, 94
Trd, 258984.700, 109
Trd, 258985.050, 114
Trd, 258985.233, 109
Trd, 258985.267, 108
Trd, 258985.650, 91
Trd, 258985.867, 92
Trd, 258987.133, 93
Trd, 258987.183, 99
Trd, 258987.367, 94
Trd, 258987.633, 99
Trd, 258987.667, 101
Trd, 258987.817, 90
Trd, 258988.167, 89
Trd, 258989.567, 106
Trd, 258989.983, 118
Trd, 258990.017, 123
Trd, 258990.533, 112
Trd, 258991.483, 112
Trd, 258991.500, 92
Trd, 258992.617, 108
Trd, 258992.850, 106
Trd, 258993.483, 92
Trd, 258994.067, 113
Trd, 258994.417, 114
Trd, 258994.433, 116
Trd, 258994.500, 109
Trd, 258994.983, 104
Trd, 258995.217, 106
Trd, 258995.967, 110
Trd, 258997.133, 92
Trd, 258997.400, 98
Trd, 258997.933, 101
Trd, 258998.083, 93
Trd, 258998.450, 104
Trd, 258998.933, 92
Trd, 258999.483, 92
Trd, 258999.800, 90
Trd, 259000.100, 91
Trd, 259000.333, 111
Trd, 259000.467, 92
Trd, 259000.900, 103
Trd, 259001.650, 95
Trd, 259001.883, 95
Trd, 259002.083, 87
Trd, 259002.783, 96
Trd, 259003.750, 104
Trd, 259004.000, 97
Trd, 259004.067, 94
Trd, 259004.183, 104
Trd, 259004.567, 104
Trd, 259005.767, 97
Trd, 259005.817, 103
Trd, 259005.983, 101
Trd, 259007.150, 99
Trd, 259007.167, 103
Trd, 259007.400, 100
Trd, 259007.483, 107
Trd, 259007.667, 115
Trd, 259008.250, 93
Trd, 259009.267, 93
Trd, 259009.533, 95
Trd, 259009.850, 101
Trd, 259010.700, 107
Trd, 259011.150, 97
Trd, 259012.567, 96
Trd, 259013.167, 115
Trd, 259013.450, 116
Trd, 259013.950, 101
Trd, 259014.133, 100
Trd, 259014.533, 102
Trd, 259014.667, 99
Trd, 259014.950, 99
Trd, 259015.233, 94
Trd, 259015.550, 101
Trd, 259015.567, 91
Trd, 259015.633, 91
Trd, 259015.833, 98
Trd, 259017.083, 91
Trd, 259017.317, 90
Trd, 259017.583, 95
Trd, 259018.050, 96
Trd, 259018.650, 98
Trd, 259018.667, 100
Trd, 259018.933, 101
Trd, 259019.250, 99
Trd, 259019.333, 97
Trd, 259019.833, 108
Trd, 259019.900, 111
Trd, 259021.433, 109
Trd, 259021.533, 101
Trd, 259021.617, 90
Trd, 259021.767, 90
Trd, 259022.467, 87
Trd, 259022.933, 91
Trd, 259023.033, 103
Trd, 259023.267, 106
Trd, 259023.867, 105
Trd, 259024.250, 96
Trd, 259024.717, 116
Trd, 259024.733, 96
Trd, 259025.450, 93
Trd, 259025.617, 93
Trd, 259025.767, 90
Trd, 259025.850, 101
Trd, 259026.283, 106
Trd, 259026.783, 107
Trd, 259026.833, 104
Trd, 259027.000, 115
Trd, 259027.117, 106
Trd, 259027.300, 102
Trd, 259029.067, 113
Trd, 259029.367, 111
Trd, 259029.950, 108
Trd, 259030.050, 108
Trd, 259030.383, 93
Trd, 259030.567, 93
Trd, 259030.650, 90
Trd, 259030.800, 91
Trd, 259030.933, 93
Trd, 259032.083, 95
Trd, 259032.433, 88
Trd, 259033.367, 90
Trd, 259033.767, 102
Trd, 259034.033, 100
Trd, 259034.250, 105
Trd, 259035.950, 96
Trd, 259036.567, 103
Trd, 259036.950, 96
Trd, 259037.117, 98
Trd, 259037.150, 96
Trd, 259037.650, 101
Trd, 259037.683, 92
Trd, 259038.667, 98
Trd, 259038.950, 100
Trd, 259039.267, 91
Trd, 259039.817, 89
Trd, 259040.467, 94
Trd, 259041.283, 100
Trd, 259041.300, 98
Trd, 259042.033, 96
Trd, 259043.717, 102
Trd, 259044.083, 101
Trd, 259044.367, 103
Trd, 259044.400, 99
Trd, 259044.700, 112
Trd, 259045.200, 102
Trd, 259045.417, 108
Trd, 259045.550, 96
Trd, 259046.000, 91
Trd, 259046.733, 90
Trd, 259047.683, 87
Trd, 259047.850, 87
Trd, 259047.917, 105
Trd, 259048.667, 103
Trd, 259049.467, 105
Trd, 259049.700, 100
Trd, 259049.733, 106
Trd, 259049.767, 100
Trd, 259050.300, 101
Trd, 259050.483, 106
Trd, 259050.967, 99
Trd, 259051.367, 98
Trd, 259052.167, 97
Trd, 259052.750, 96
Trd, 259053.867, 104
Trd, 259054.217, 100
Trd, 259054.800, 113
Trd, 259055.200, 105
Trd, 259055.633, 95
Trd, 259055.850, 96
Trd, 259055.867, 90
Trd, 259056.367, 90
Trd, 259056.883, 96
Trd, 259057.067, 97
Trd, 259057.617, 92
Trd, 259057.783, 90
Trd, 259058.250, 101
Trd, 259058.367, 101
Trd, 259058.667, 104
Trd, 259059.167, 101
Trd, 259059.333, 111
Trd, 259060.450, 95
Trd, 259060.533, 94
Trd, 259060.633, 95
Trd, 259062.250, 96
Trd, 259062.483, 95
Trd, 259062.550, 99
Trd, 259062.850, 101
Trd, 259062.933, 91
Trd, 259063.433, 108
Trd, 259063.900, 96
Trd, 259064.433, 101
Trd, 259064.733, 95
Trd, 259065.233, 105
Trd, 259065.567, 96
Trd, 259065.583, 102
Trd, 259066.067, 106
Trd, 259066.183, 95
Trd, 259066.983, 106
Trd, 259067.067, 106
Trd, 259068.050, 96
Trd, 259068.583, 95
Trd, 259069.350, 98
Trd, 259069.683, 94
Trd, 259070.300, 103
Trd, 259071.067, 95
Trd, 259071.717, 95
Trd, 259071.833, 94
Trd, 259072.417, 95
Trd, 259073.150, 97
Trd, 259073.167, 101
Trd, 259074.433, 103
Trd, 259074.850, 94
Trd, 259074.867, 93
Trd, 259075.217, 95
Trd, 259075.267, 104
Trd, 259075.467, 105
Trd, 259075.667, 92
Trd, 259076.350, 106
Trd, 259076.633, 106
Trd, 259076.717, 101
Trd, 259077.617, 100
Trd, 259078.017, 98
Trd, 259079.333, 93
Trd, 259080.417, 94
Trd, 259080.567, 91
Trd, 259080.600, 95
Trd, 259081.000, 104
Trd, 259081.050, 105
Trd, 259081.367, 109
Trd, 259081.633, 91
Trd, 259081.683, 116
Trd, 259082.233, 95
Trd, 259082.467, 101
Trd, 259082.967, 90
Trd, 259083.283, 86
Trd, 259083.783, 82
Trd, 259084.717, 103
Trd, 259085.533, 104
Trd, 259085.733, 102
Trd, 259085.950, 101
Trd, 259086.883, 100
Trd, 259087.183, 97
Trd, 259087.433, 101
Trd, 259088.283, 93
Trd, 259088.533, 100
Trd, 259088.900, 117
Trd, 259089.350, 116
Trd, 259089.750, 115
Trd, 259089.800, 106
Trd, 259090.200, 93
Trd, 259090.233, 93
Trd, 259090.333, 92
Trd, 259090.800, 92
Trd, 259092.050, 90
Trd, 259092.733, 100
Trd, 259093.167, 93
Trd, 259093.733, 93
Trd, 259094.283, 95
Trd, 259094.383, 95
Trd, 259094.600, 103
Trd, 259094.633, 92
Trd, 259094.850, 87
Trd, 259096.050, 105
Trd, 259096.550, 109
Trd, 259097.117, 119
Trd, 259097.950, 102
Trd, 259098.250, 102
Trd, 259098.283, 103
Trd, 259098.417, 108
Trd, 259099.550, 105
Trd, 259099.800, 103
Trd, 259099.883, 103
Trd, 259100.133, 99
Trd, 259100.467, 96
Trd, 259100.517, 104
Trd, 259100.933, 95
Trd, 259100.950, 90
Trd, 259102.100, 94
Trd, 259102.817, 88
Trd, 259103.233, 87
Trd, 259103.450, 107
Trd, 259104.250, 82
Trd, 259104.850, 96
Trd, 259105.067, 103
Trd, 259105.733, 105
Trd, 259106.250, 102
Trd, 259106.567, 105
Trd, 259107.100, 101
Trd, 259107.167, 100
Trd, 259108.917, 95
Trd, 259109.083, 93
Trd, 259109.100, 103
Trd, 259109.633, 108
Trd, 259109.800, 93
Trd, 259109.950, 93
Trd, 259110.450, 101
Trd, 259110.667, 95
Trd, 259110.850, 93
Trd, 259110.967, 93
Trd, 259111.133, 102
Trd, 259111.717, 105
Trd, 259112.050, 87
Trd, 259113.000, 124
Trd, 259113.017, 108
Trd, 259114.267, 137
Trd, 259114.367, 107
Trd, 259115.433, 106
Trd, 259115.950, 93
Trd, 259116.650, 90
Trd, 259116.850, 105
Trd, 259116.883, 71
Trd, 259117.167, 87
Trd, 259117.183, 96
Trd, 259117.550, 106
Trd, 259117.683, 96
Trd, 259117.983, 85
Trd, 259118.100, 107
Trd, 259118.500, 97
Trd, 259119.383, 83
Trd, 259119.517, 85
Trd, 259120.667, 122
Trd, 259121.017, 116
Trd, 259121.683, 98
Trd, 259121.817, 105
Trd, 259122.183, 99
Trd, 259122.333, 97
Trd, 259122.567, 90
Trd, 259122.883, 104
Trd, 259123.433, 103
Trd, 259123.850, 97
Trd, 259124.167, 84
Trd, 259125.250, 98
Trd, 259125.267, 103
Trd, 259126.400, 94
Trd, 259126.650, 106
Trd, 259126.867, 108
Trd, 259127.033, 90
Trd, 259127.217, 87
Trd, 259127.233, 87
Trd, 259127.400, 89
Trd, 259128.100, 86
Trd, 259129.383, 93
Trd, 259129.950, 94
Trd, 259130.400, 92
Trd, 259130.833, 104
Trd, 259131.067, 92
Trd, 259131.250, 91
Trd, 259131.333, 105
Trd, 259132.417, 103
Trd, 259132.467, 100
Trd, 259132.533, 106
Trd, 259133.083, 103
Trd, 259133.117, 100
Trd, 259133.567, 98
Trd, 259134.000, 99
Trd, 259134.367, 98
Trd, 259134.850, 94
Trd, 259135.500, 95
Trd, 259136.233, 98
Trd, 259136.800, 103
Trd, 259137.150, 110
Trd, 259137.650, 102
Trd, 259137.950, 103
Trd, 259138.200, 101
Trd, 259138.750, 106
Trd, 259139.367, 89
Trd, 259139.633, 108
Trd, 259140.133, 112
Trd, 259140.200, 90
Trd, 259141.383, 92
Trd, 259141.817, 105
Trd, 259142.217, 105
Trd, 259142.650, 104
Trd, 259142.767, 104
Trd, 259142.900, 90
Trd, 259143.150, 89
Trd, 259143.950, 102
Trd, 259144.417, 102
Trd, 259144.450, 103
Trd, 259145.133, 87
Trd, 259145.333, 104
Trd, 259145.467, 100
Trd, 259145.650, 115
Trd, 259145.867, 98
Trd, 259146.533, 101
Trd, 259146.883, 91
Trd, 259147.717, 102
Trd, 259147.967, 90
Trd, 259149.333, 93
Trd, 259150.133, 92
Trd, 259150.417, 95
Trd, 259150.650, 88
Trd, 259151.050, 91
Trd, 259151.150, 94
Trd, 259151.167, 89
Trd, 259151.617, 88
Trd, 259151.633, 105
Trd, 259151.683, 115
Trd, 259151.967, 91
Trd, 259152.800, 93
Trd, 259153.767, 90
Trd, 259153.800, 87
Trd, 259153.950, 86
Trd, 259154.667, 92
Trd, 259154.850, 93
Trd, 259154.933, 97
Trd, 259155.833, 91
Trd, 259156.033, 98
Trd, 259156.250, 91
Trd, 259156.400, 103
Trd, 259157.067, 101
Trd, 259157.633, 94
Trd, 259157.683, 93
Trd, 259159.200, 97
Trd, 259159.800, 102
Trd, 259160.200, 106
Trd, 259160.433, 111
Trd, 259160.783, 90
Trd, 259160.900, 92
Trd, 259161.033, 101
Trd, 259161.583, 117
Trd, 259161.733, 109
Trd, 259162.000, 108
Trd, 259162.017, 106
Trd, 259163.150, 91
Trd, 259164.517, 90
Trd, 259165.383, 86
Trd, 259165.517, 102
Trd, 259165.900, 83
Trd, 259166.467, 114
Trd, 259166.550, 108
Trd, 259166.800, 100
Trd, 259166.867, 118
Trd, 259167.050, 91
Trd, 259167.383, 117
Trd, 259167.633, 95
Trd, 259168.200, 101
Trd, 259169.233, 97
Trd, 259169.383, 104
Trd, 259170.333, 102
Trd, 259170.683, 106
Trd, 259170.833, 105
Trd, 259171.450, 106
Trd, 259172.233, 106
Trd, 259172.717, 106
Trd, 259172.783, 98
Trd, 259173.800, 106
Trd, 259174.150, 108
Trd, 259175.033, 104
Trd, 259175.817, 104
Trd, 259175.883, 108
Trd, 259176.050, 108
Trd, 259176.700, 124
Trd, 259176.817, 115
Trd, 259176.983, 109
Trd, 259177.633, 98
Trd, 259177.683, 97
Trd, 259177.900, 102
Trd, 259178.433, 93
Trd, 259178.767, 91
Trd, 259180.450, 99
Trd, 259180.633, 100
Trd, 259181.117, 95
Trd, 259181.200, 108
Trd, 259181.450, 95
Trd, 259182.633, 96
Trd, 259182.750, 95
Trd, 259182.983, 95
Trd, 259183.517, 101
Trd, 259183.967, 90
Trd, 259184.183, 102
Trd, 259184.633, 104
Trd, 259185.583, 95
Trd, 259185.900, 90
Trd, 259186.283, 91
Trd, 259186.383, 90
Trd, 259186.483, 106
Trd, 259187.483, 114
Trd, 259187.950, 112
Trd, 259188.567, 111
Trd, 259188.767, 106
Trd, 259190.083, 99
Trd, 259190.500, 105
Trd, 259191.117, 99
Trd, 259191.500, 100
Trd, 259192.233, 103
Trd, 259192.750, 98
Trd, 259192.933, 102
Trd, 259193.133, 90
Trd, 259193.317, 86
Trd, 259194.133, 81
Trd, 259194.200, 82
Trd, 259194.217, 93
Trd, 259195.450, 105
Trd, 259195.967, 104
Trd, 259196.083, 105
Trd, 259196.267, 100
Trd, 259196.350, 98
Trd, 259196.950, 100
Trd, 259197.233, 101
Trd, 259198.217, 114
Trd, 259198.417, 120
Trd, 259198.733, 112
Trd, 259198.817, 101
Trd, 259199.383, 94
Trd, 259199.883, 91
Trd, 259199.983, 97
