Trd, 258487.783, 102
Trd, 258489.033, 105
Trd, 258489.133, 112
Trd, 258489.583, 117
Trd, 258489.717, 113
Trd, 258491.200, 106
Trd, 258491.617, 109
Trd, 258492.083, 103
Trd, 258492.150, 100
Trd, 258492.667, 111
Trd, 258493.150, 116
Trd, 258493.333, 90
Trd, 258493.433, 89
Trd, 258494.500, 98
Trd, 258494.617, 93
Trd, 258494.850, 88
Trd, 258494.867, 112
Trd, 258495.450, 93
Trd, 258495.800, 98
Trd, 258496.050, 96
Trd, 258496.450, 95
Trd, 258497.883, 112
Trd, 258498.117, 121
Trd, 258498.467, 109
Trd, 258499.017, 106
Trd, 258499.333, 101
Trd, 258499.867, 112
Trd, 258501.100, 97
Trd, 258501.300, 95
Trd, 258501.483, 91
Trd, 258501.783, 90
Trd, 258502.000, 110
Trd, 258502.983, 104
Trd, 258503.050, 91
Trd, 258503.133, 117
Trd, 258503.467, 100
Trd, 258503.600, 88
Trd, 258504.933, 114
Trd, 258505.550, 115
Trd, 258508.083, 112
Trd, 258509.050, 103
Trd, 258509.467, 107
Trd, 258509.850, 98
Trd, 258509.900, 95
Trd, 258510.583, 90
Trd, 258510.933, 90
Trd, 258511.633, 96
Trd, 258511.750, 113
Trd, 258511.800, 87
Trd, 258511.983, 121
Trd, 258513.167, 85
Trd, 258513.633, 91
Trd, 258514.667, 105
Trd, 258515.167, 119
Trd, 258515.267, 98
Trd, 258515.300, 122
Trd, 258515.683, 113
Trd, 258516.267, 97
Trd, 258516.450, 112
Trd, 258517.500, 106
Trd, 258518.867, 105
Trd, 258519.000, 102
Trd, 258519.300, 110
Trd, 258519.800, 120
Trd, 258520.017, 91
Trd, 258520.250, 96
Trd, 258520.567, 110
Trd, 258520.783, 103
Trd, 258521.333, 93
Trd, 258521.350, 89
Trd, 258522.333, 109
Trd, 258523.300, 101
Trd, 258523.900, 99
Trd, 258524.350, 106
Trd, 258525.167, 105
Trd, 258526.317, 108
Trd, 258526.417, 118
Trd, 258526.483, 106
Trd, 258526.667, 103
Trd, 258527.417, 104
Trd, 258527.433, 106
Trd, 258527.483, 98
Trd, 258528.050, 110
Trd, 258528.917, 104
Trd, 258529.000, 96
Trd, 258529.067, 94
Trd, 258529.517, 104
Trd, 258529.667, 92
Trd, 258530.383, 96
Trd, 258530.500, 90
Trd, 258531.067, 123
Trd, 258532.683, 119
Trd, 258533.750, 112
Trd, 258533.817, 109
Trd, 258533.883, 106
Trd, 258533.917, 105
Trd, 258533.950, 116
Trd, 258534.217, 120
Trd, 258534.800, 93
Trd, 258536.233, 111
Trd, 258536.567, 98
Trd, 258536.883, 104
Trd, 258537.167, 103
Trd, 258537.317, 93
Trd, 258537.450, 91
Trd, 258538.483, 114
Trd, 258538.500, 111
Trd, 258538.583, 106
Trd, 258539.033, 118
Trd, 258540.417, 110
Trd, 258540.700, 103
Trd, 258540.800, 110
Trd, 258541.633, 94
Trd, 258541.933, 128
Trd, 258542.217, 109
Trd, 258542.950, 96
Trd, 258543.700, 104
Trd, 258543.783, 89
Trd, 258544.100, 83
Trd, 258544.400, 91
Trd, 258544.967, 100
Trd, 258545.050, 126
Trd, 258545.467, 104
Trd, 258546.383, 103
Trd, 258546.483, 120
Trd, 258547.900, 111
Trd, 258548.200, 108
Trd, 258548.217, 106
Trd, 258548.467, 105
Trd, 258548.783, 102
Trd, 258549.033, 98
Trd, 258549.433, 112
Trd, 258550.400, 93
Trd, 258550.983, 88
Trd, 258551.317, 92
Trd, 258552.417, 121
Trd, 258553.183, 94
Trd, 258553.250, 109
Trd, 258553.283, 94
Trd, 258553.567, 110
Trd, 258553.917, 118
Trd, 258555.200, 106
Trd, 258555.350, 104
Trd, 258555.733, 100
Trd, 258556.583, 98
Trd, 258557.533, 112
Trd, 258557.767, 87
Trd, 258558.083, 95
Trd, 258559.133, 122
Trd, 258559.583, 111
Trd, 258559.900, 108
Trd, 258560.500, 107
Trd, 258561.150, 105
Trd, 258561.183, 109
Trd, 258561.367, 112
Trd, 258561.483, 99
Trd, 258561.850, 110
Trd, 258562.750, 116
Trd, 258563.800, 106
Trd, 258563.883, 113
Trd, 258564.083, 101
Trd, 258564.117, 85
Trd, 258564.133, 82
Trd, 258564.267, 82
Trd, 258564.317, 105
Trd, 258564.950, 110
Trd, 258565.500, 107
Trd, 258566.500, 101
Trd, 258566.950, 115
Trd, 258567.983, 112
Trd, 258568.300, 101
Trd, 258568.417, 104
Trd, 258569.033, 102
Trd, 258570.300, 102
Trd, 258570.683, 100
Trd, 258570.783, 103
Trd, 258571.283, 88
Trd, 258571.933, 96
Trd, 258572.217, 103
Trd, 258572.633, 110
Trd, 258572.933, 107
Trd, 258573.300, 95
Trd, 258573.700, 117
Trd, 258573.817, 112
Trd, 258574.133, 126
Trd, 258574.483, 92
Trd, 258574.850, 102
Trd, 258574.967, 100
Trd, 258575.150, 98
Trd, 258575.783, 93
Trd, 258575.883, 108
Trd, 258576.133, 98
Trd, 258576.667, 115
Trd, 258576.833, 87
Trd, 258577.133, 102
Trd, 258578.133, 104
Trd, 258578.433, 104
Trd, 258579.183, 90
Trd, 258579.550, 100
Trd, 258580.300, 118
Trd, 258581.217, 111
Trd, 258581.333, 102
Trd, 258581.633, 96
Trd, 258582.100, 118
Trd, 258582.367, 97
Trd, 258582.400, 92
Trd, 258582.700, 94
Trd, 258583.200, 109
Trd, 258583.883, 99
Trd, 258584.267, 95
Trd, 258585.667, 110
Trd, 258586.167, 106
Trd, 258586.733, 96
Trd, 258588.367, 105
Trd, 258589.617, 102
Trd, 258589.983, 98
Trd, 258590.267, 91
Trd, 258590.767, 105
Trd, 258591.117, 110
Trd, 258591.883, 112
Trd, 258592.150, 111
Trd, 258592.200, 103
Trd, 258592.667, 119
Trd, 258592.733, 103
Trd, 258593.517, 91
Trd, 258593.717, 101
Trd, 258594.133, 109
Trd, 258594.867, 94
Trd, 258595.000, 94
Trd, 258596.133, 90
Trd, 258596.850, 113
Trd, 258597.183, 115
Trd, 258597.300, 99
Trd, 258597.467, 115
Trd, 258597.517, 94
Trd, 258598.150, 92
Trd, 258598.400, 89
Trd, 258599.517, 104
Trd, 258599.900, 93
Trd, 258600.083, 93
Trd, 258600.183, 90
Trd, 258600.283, 96
Trd, 258601.150, 107
Trd, 258601.250, 114
Trd, 258601.300, 105
Trd, 258601.350, 116
Trd, 258601.717, 95
Trd, 258601.917, 102
Trd, 258602.133, 105
Trd, 258603.367, 122
Trd, 258603.383, 106
Trd, 258603.717, 86
Trd, 258604.733, 111
Trd, 258605.300, 105
Trd, 258605.417, 114
Trd, 258605.850, 110
Trd, 258607.850, 93
Trd, 258607.983, 93
Trd, 258608.217, 95
Trd, 258608.583, 91
Trd, 258609.033, 106
Trd, 258610.283, 107
Trd, 258610.650, 102
Trd, 258610.667, 96
Trd, 258610.717, 118
Trd, 258611.250, 114
Trd, 258612.000, 115
Trd, 258612.083, 114
Trd, 258612.150, 89
Trd, 258612.783, 95
Trd, 258612.817, 115
Trd, 258613.050, 91
Trd, 258613.933, 90
Trd, 258615.233, 104
Trd, 258615.650, 101
Trd, 258615.883, 96
Trd, 258616.600, 116
Trd, 258616.933, 107
Trd, 258617.000, 109
Trd, 258617.217, 105
Trd, 258617.500, 114
Trd, 258618.133, 116
Trd, 258618.200, 112
Trd, 258620.717, 110
Trd, 258621.717, 113
Trd, 258621.800, 121
Trd, 258622.133, 107
Trd, 258622.867, 108
Trd, 258623.117, 106
Trd, 258623.267, 103
Trd, 258623.917, 107
Trd, 258624.000, 114
Trd, 258624.600, 101
Trd, 258624.917, 97
Trd, 258625.117, 97
Trd, 258626.067, 100
Trd, 258626.800, 115
Trd, 258626.867, 116
Trd, 258627.350, 112
Trd, 258627.850, 97
Trd, 258628.100, 96
Trd, 258628.350, 114
Trd, 258628.850, 116
Trd, 258629.567, 109
Trd, 258629.617, 110
Trd, 258630.183, 95
Trd, 258630.417, 117
Trd, 258630.533, 93
Trd, 258631.950, 103
Trd, 258632.767, 91
Trd, 258632.900, 119
Trd, 258633.433, 118
Trd, 258634.050, 118
Trd, 258634.300, 115
Trd, 258634.633, 110
Trd, 258635.550, 105
Trd, 258635.683, 104
Trd, 258635.800, 92
Trd, 258635.883, 93
Trd, 258636.183, 116
Trd, 258636.567, 95
Trd, 258637.350, 105
Trd, 258639.400, 97
Trd, 258639.617, 100
Trd, 258639.633, 88
Trd, 258640.833, 92
Trd, 258640.967, 104
Trd, 258641.967, 116
Trd, 258642.033, 94
Trd, 258642.550, 112
Trd, 258643.050, 124
Trd, 258643.467, 126
Trd, 258643.583, 107
Trd, 258644.917, 113
Trd, 258645.367, 121
Trd, 258645.667, 123
Trd, 258645.750, 119
Trd, 258646.150, 106
Trd, 258646.783, 93
Trd, 258647.967, 99
Trd, 258649.367, 105
Trd, 258650.383, 112
Trd, 258650.733, 118
Trd, 258651.133, 107
Trd, 258651.300, 100
Trd, 258651.417, 91
Trd, 258652.117, 89
Trd, 258652.233, 102
Trd, 258653.317, 99
Trd, 258653.967, 113
Trd, 258654.000, 103
Trd, 258654.517, 120
Trd, 258654.667, 105
Trd, 258655.100, 107
Trd, 258656.650, 106
Trd, 258657.033, 101
Trd, 258657.333, 100
Trd, 258657.917, 100
Trd, 258658.800, 97
Trd, 258659.733, 102
Trd, 258660.083, 100
Trd, 258660.383, 102
Trd, 258660.733, 109
Trd, 258661.167, 112
Trd, 258661.600, 91
Trd, 258661.950, 89
Trd, 258662.350, 110
Trd, 258662.400, 117
Trd, 258662.833, 118
Trd, 258663.567, 90
Trd, 258664.317, 110
Trd, 258665.017, 91
Trd, 258665.150, 95
Trd, 258665.417, 106
Trd, 258665.950, 114
Trd, 258666.333, 94
Trd, 258666.450, 89
Trd, 258667.333, 103
Trd, 258668.050, 99
Trd, 258668.867, 93
Trd, 258668.900, 112
Trd, 258669.117, 101
Trd, 258670.017, 93
Trd, 258671.350, 109
Trd, 258671.550, 108
Trd, 258671.650, 117
Trd, 258671.883, 105
Trd, 258672.117, 113
Trd, 258672.383, 102
Trd, 258672.617, 100
Trd, 258672.700, 111
Trd, 258672.717, 94
Trd, 258673.517, 93
Trd, 258673.883, 121
Trd, 258675.033, 101
Trd, 258675.817, 108
Trd, 258676.800, 98
Trd, 258677.183, 106
Trd, 258677.567, 93
Trd, 258677.617, 107
Trd, 258678.000, 100
Trd, 258679.083, 92
Trd, 258679.383, 93
Trd, 258679.650, 91
Trd, 258680.717, 111
Trd, 258681.283, 102
Trd, 258681.300, 117
Trd, 258681.467, 101
Trd, 258681.533, 100
Trd, 258681.567, 98
Trd, 258681.783, 117
Trd, 258681.933, 114
Trd, 258684.167, 117
Trd, 258684.233, 108
Trd, 258684.550, 88
Trd, 258684.833, 95
Trd, 258685.300, 114
Trd, 258685.550, 119
Trd, 258685.917, 104
Trd, 258685.933, 96
Trd, 258686.417, 120
Trd, 258686.867, 112
Trd, 258688.017, 94
Trd, 258688.600, 106
Trd, 258689.117, 102
Trd, 258689.200, 123
Trd, 258689.233, 113
Trd, 258689.617, 109
Trd, 258689.683, 101
Trd, 258689.933, 95
Trd, 258691.050, 118
Trd, 258692.267, 102
Trd, 258692.550, 99
Trd, 258692.850, 94
Trd, 258693.567, 92
Trd, 258693.850, 101
Trd, 258694.750, 104
Trd, 258695.050, 99
Trd, 258695.567, 112
Trd, 258696.450, 113
Trd, 258697.100, 104
Trd, 258697.733, 88
Trd, 258698.100, 125
Trd, 258698.667, 95
Trd, 258699.083, 112
Trd, 258699.117, 99
Trd, 258699.283, 97
Trd, 258700.167, 115
Trd, 258700.450, 111
Trd, 258701.117, 118
Trd, 258701.517, 108
Trd, 258701.550, 101
Trd, 258702.183, 101
Trd, 258702.283, 96
Trd, 258702.650, 103
Trd, 258703.067, 92
Trd, 258704.767, 101
Trd, 258705.083, 94
Trd, 258705.217, 119
Trd, 258705.983, 89
Trd, 258706.933, 83
Trd, 258707.033, 96
Trd, 258707.633, 94
Trd, 258707.767, 89
Trd, 258708.550, 119
Trd, 258708.983, 112
Trd, 258709.317, 109
Trd, 258709.667, 112
Trd, 258710.000, 106
Trd, 258710.283, 89
Trd, 258710.700, 88
Trd, 258711.083, 85
Trd, 258711.567, 90
Trd, 258712.517, 108
Trd, 258712.967, 112
Trd, 258713.050, 102
Trd, 258713.200, 104
Trd, 258714.417, 110
Trd, 258714.983, 107
Trd, 258715.667, 104
Trd, 258716.900, 106
Trd, 258717.317, 101
Trd, 258717.600, 116
Trd, 258717.850, 102
Trd, 258718.500, 93
Trd, 258718.683, 120
Trd, 258719.833, 105
Trd, 258719.883, 102
Trd, 258720.300, 126
Trd, 258720.650, 115
Trd, 258720.667, 114
Trd, 258721.517, 101
Trd, 258722.317, 118
Trd, 258722.417, 100
Trd, 258723.700, 115
Trd, 258723.833, 92
Trd, 258723.967, 87
Trd, 258724.300, 82
Trd, 258725.050, 103
Trd, 258726.050, 114
Trd, 258726.567, 99
Trd, 258726.717, 111
Trd, 258726.867, 115
Trd, 258727.567, 115
Trd, 258728.117, 108
Trd, 258728.150, 99
Trd, 258728.717, 109
Trd, 258729.183, 94
Trd, 258729.517, 95
Trd, 258730.333, 100
Trd, 258730.367, 108
Trd, 258730.417, 109
Trd, 258731.867, 108
Trd, 258732.233, 100
Trd, 258732.867, 92
Trd, 258733.633, 100
Trd, 258733.683, 111
Trd, 258734.717, 101
Trd, 258735.700, 112
Trd, 258735.933, 96
Trd, 258736.633, 97
Trd, 258737.100, 115
Trd, 258738.333, 101
Trd, 258738.767, 100
Trd, 258739.500, 105
Trd, 258739.517, 103
Trd, 258739.883, 113
Trd, 258740.617, 108
Trd, 258740.650, 102
Trd, 258741.333, 122
Trd, 258741.350, 112
Trd, 258741.567, 130
Trd, 258741.767, 92
Trd, 258742.367, 95
Trd, 258743.067, 89
Trd, 258743.917, 89
Trd, 258744.517, 113
Trd, 258745.650, 109
Trd, 258748.050, 112
Trd, 258748.250, 109
Trd, 258748.950, 109
Trd, 258749.067, 106
Trd, 258749.167, 111
Trd, 258749.433, 106
Trd, 258749.450, 112
Trd, 258749.533, 93
Trd, 258749.783, 90
Trd, 258750.267, 90
Trd, 258750.383, 104
Trd, 258750.400, 107
Trd, 258751.733, 100
Trd, 258751.883, 83
Trd, 258752.033, 86
Trd, 258752.117, 105
Trd, 258752.367, 114
Trd, 258753.067, 88
Trd, 258753.700, 88
Trd, 258754.267, 93
Trd, 258755.183, 98
Trd, 258755.367, 95
Trd, 258755.717, 94
Trd, 258756.150, 89
Trd, 258756.383, 101
Trd, 258756.467, 118
Trd, 258757.150, 110
Trd, 258759.150, 99
Trd, 258759.417, 105
Trd, 258759.533, 95
Trd, 258760.017, 88
Trd, 258761.433, 112
Trd, 258762.017, 110
Trd, 258762.233, 102
Trd, 258762.500, 100
Trd, 258763.200, 112
Trd, 258763.233, 96
Trd, 258764.233, 101
Trd, 258764.367, 93
Trd, 258764.933, 97
Trd, 258765.267, 98
Trd, 258765.717, 98
Trd, 258766.467, 99
Trd, 258766.517, 102
Trd, 258766.650, 111
Trd, 258766.967, 111
Trd, 258767.183, 101
Trd, 258767.367, 100
Trd, 258768.183, 106
Trd, 258768.367, 95
Trd, 258768.633, 95
Trd, 258769.783, 102
Trd, 258770.500, 95
Trd, 258771.183, 103
Trd, 258771.400, 109
Trd, 258772.000, 109
Trd, 258772.300, 109
Trd, 258772.667, 114
Trd, 258772.733, 109
Trd, 258772.833, 97
Trd, 258773.050, 95
Trd, 258774.050, 109
Trd, 258774.383, 102
Trd, 258774.517, 118
Trd, 258775.300, 105
Trd, 258775.667, 100
Trd, 258775.700, 96
Trd, 258776.050, 87
Trd, 258777.100, 106
Trd, 258777.850, 104
Trd, 258778.633, 99
Trd, 258778.717, 105
Trd, 258779.050, 114
Trd, 258780.100, 104
Trd, 258780.133, 102
Trd, 258780.450, 112
Trd, 258780.750, 101
Trd, 258780.817, 97
Trd, 258781.317, 100
Trd, 258781.483, 117
Trd, 258781.583, 101
Trd, 258781.950, 108
Trd, 258782.900, 97
Trd, 258783.533, 115
Trd, 258783.567, 91
Trd, 258783.933, 90
Trd, 258784.300, 111
Trd, 258785.600, 114
Trd, 258786.333, 105
Trd, 258787.000, 99
Trd, 258787.133, 106
Trd, 258787.383, 102
Trd, 258787.933, 95
Trd, 258788.167, 94
Trd, 258788.183, 91
Trd, 258788.433, 96
Trd, 258788.733, 122
Trd, 258788.850, 112
Trd, 258789.367, 113
Trd, 258790.683, 108
Trd, 258790.717, 111
Trd, 258790.783, 99
Trd, 258790.917, 91
Trd, 258791.767, 93
Trd, 258792.617, 105
Trd, 258792.850, 90
Trd, 258793.900, 93
Trd, 258793.933, 101
Trd, 258794.100, 91
Trd, 258794.450, 90
Trd, 258794.517, 94
Trd, 258794.550, 90
Trd, 258794.583, 109
Trd, 258795.133, 88
Trd, 258795.200, 107
Trd, 258795.417, 111
Trd, 258795.983, 97
Trd, 258796.283, 98
Trd, 258798.400, 111
Trd, 258798.700, 104
Trd, 258798.967, 102
Trd, 258800.550, 101
Trd, 258800.650, 100
Trd, 258800.950, 107
Trd, 258801.133, 98
Trd, 258801.400, 107
Trd, 258801.550, 118
Trd, 258803.517, 109
Trd, 258803.533, 108
Trd, 258803.550, 108
Trd, 258804.067, 117
Trd, 258804.583, 119
Trd, 258804.967, 117
Trd, 258805.983, 111
Trd, 258806.633, 110
Trd, 258807.000, 110
Trd, 258807.900, 106
Trd, 258808.000, 104
Trd, 258808.467, 100
Trd, 258808.950, 100
Trd, 258809.600, 95
Trd, 258810.083, 90
Trd, 258810.100, 105
Trd, 258810.400, 92
Trd, 258811.483, 91
Trd, 258811.883, 110
Trd, 258812.883, 119
Trd, 258813.033, 104
Trd, 258813.617, 105
Trd, 258813.700, 117
Trd, 258813.733, 100
Trd, 258814.133, 111
Trd, 258814.867, 103
Trd, 258815.050, 106
Trd, 258815.950, 94
Trd, 258816.067, 98
Trd, 258816.650, 118
Trd, 258817.267, 97
Trd, 258817.767, 113
Trd, 258818.233, 129
Trd, 258818.433, 106
Trd, 258818.800, 92
Trd, 258819.383, 99
Trd, 258819.600, 109
Trd, 258819.717, 100
Trd, 258820.217, 112
Trd, 258820.883, 113
Trd, 258821.067, 106
Trd, 258821.200, 103
Trd, 258822.983, 97
Trd, 258823.217, 111
Trd, 258823.767, 105
Trd, 258823.833, 117
Trd, 258824.033, 104
Trd, 258824.283, 114
Trd, 258825.000, 104
Trd, 258826.567, 114
Trd, 258826.783, 107
Trd, 258827.117, 103
Trd, 258827.483, 106
Trd, 258827.700, 101
Trd, 258827.900, 113
Trd, 258828.033, 108
Trd, 258828.400, 113
Trd, 258828.683, 105
Trd, 258828.833, 99
Trd, 258829.400, 117
Trd, 258829.867, 112
Trd, 258829.950, 116
Trd, 258830.300, 100
Trd, 258830.650, 106
Trd, 258831.617, 118
Trd, 258831.867, 112
Trd, 258832.733, 122
Trd, 258832.883, 109
Trd, 258833.833, 106
Trd, 258833.933, 105
Trd, 258835.183, 104
Trd, 258835.817, 105
Trd, 258835.900, 112
Trd, 258836.050, 114
Trd, 258836.350, 94
Trd, 258837.233, 103
Trd, 258837.533, 106
Trd, 258837.617, 107
Trd, 258838.117, 116
Trd, 258838.267, 89
Trd, 258839.200, 111
Trd, 258839.267, 109
Trd, 258839.533, 106
Trd, 258840.200, 116
Trd, 258840.933, 98
Trd, 258841.017, 93
Trd, 258842.367, 82
Trd, 258842.533, 82
Trd, 258842.900, 98
Trd, 258843.467, 122
Trd, 258843.883, 100
Trd, 258844.333, 112
Trd, 258844.833, 106
Trd, 258844.900, 109
Trd, 258845.083, 103
Trd, 258845.267, 102
Trd, 258846.367, 111
Trd, 258846.500, 95
Trd, 258847.817, 93
Trd, 258847.850, 109
Trd, 258848.633, 109
Trd, 258848.900, 110
Trd, 258849.383, 106
Trd, 258850.067, 114
Trd, 258850.333, 109
Trd, 258850.383, 106
Trd, 258850.767, 116
Trd, 258851.000, 104
Trd, 258851.883, 108
Trd, 258852.300, 110
Trd, 258852.833, 112
Trd, 258853.233, 99
Trd, 258853.617, 84
Trd, 258854.350, 115
Trd, 258855.000, 97
Trd, 258855.783, 109
Trd, 258856.483, 98
Trd, 258856.667, 108
Trd, 258856.800, 97
Trd, 258857.067, 95
Trd, 258857.467, 115
Trd, 258857.983, 117
Trd, 258858.567, 107
Trd, 258859.733, 106
Trd, 258859.750, 95
Trd, 258860.533, 107
Trd, 258862.067, 105
Trd, 258862.667, 110
Trd, 258863.033, 112
Trd, 258863.350, 118
Trd, 258863.867, 119
Trd, 258863.950, 105
Trd, 258864.467, 105
Trd, 258864.550, 104
Trd, 258864.833, 102
Trd, 258865.050, 100
Trd, 258865.300, 112
Trd, 258865.867, 106
Trd, 258866.033, 117
Trd, 258866.117, 131
Trd, 258866.450, 105
Trd, 258867.333, 109
Trd, 258868.133, 101
Trd, 258868.417, 93
Trd, 258868.767, 99
Trd, 258869.067, 118
Trd, 258870.400, 104
Trd, 258871.183, 113
Trd, 258871.633, 102
Trd, 258871.700, 104
Trd, 258872.250, 94
Trd, 258873.050, 113
Trd, 258873.783, 116
Trd, 258873.833, 93
Trd, 258875.100, 105
Trd, 258875.650, 119
Trd, 258876.117, 99
Trd, 258876.667, 110
Trd, 258876.683, 108
Trd, 258877.983, 101
Trd, 258878.133, 119
Trd, 258878.550, 112
Trd, 258878.767, 98
Trd, 258878.867, 123
Trd, 258879.250, 103
Trd, 258880.317, 99
Trd, 258880.550, 95
Trd, 258880.900, 90
Trd, 258880.967, 112
Trd, 258881.150, 118
Trd, 258881.767, 101
Trd, 258881.917, 85
Trd, 258883.267, 101
Trd, 258883.333, 100
Trd, 258884.683, 91
Trd, 258884.783, 105
Trd, 258884.817, 95
Trd, 258886.233, 118
Trd, 258886.250, 112
Trd, 258886.783, 107
Trd, 258886.917, 125
Trd, 258887.367, 103
Trd, 258887.883, 98
Trd, 258888.167, 113
Trd, 258888.800, 94
Trd, 258889.233, 93
Trd, 258889.250, 93
Trd, 258889.517, 109
Trd, 258890.217, 114
Trd, 258890.550, 121
Trd, 258891.300, 110
Trd, 258891.633, 95
Trd, 258892.267, 90
Trd, 258892.633, 93
Trd, 258892.867, 90
Trd, 258894.267, 113
Trd, 258894.733, 96
Trd, 258894.833, 112
Trd, 258894.900, 95
Trd, 258895.400, 95
Trd, 258895.950, 101
Trd, 258896.517, 97
Trd, 258897.183, 89
Trd, 258897.200, 88
Trd, 258898.167, 95
Trd, 258899.483, 106
Trd, 258900.383, 107
Trd, 258900.800, 110
Trd, 258900.833, 117
Trd, 258901.117, 116
Trd, 258901.250, 107
Trd, 258901.850, 102
Trd, 258904.083, 117
Trd, 258904.117, 101
Trd, 258904.750, 97
Trd, 258904.967, 114
Trd, 258905.300, 111
Trd, 258905.700, 95
Trd, 258905.867, 107
Trd, 258907.400, 100
Trd, 258907.433, 113
Trd, 258908.267, 114
Trd, 258908.467, 118
Trd, 258909.000, 128
Trd, 258909.283, 118
Trd, 258910.233, 106
Trd, 258910.617, 106
Trd, 258911.283, 106
Trd, 258911.583, 104
Trd, 258911.700, 94
Trd, 258912.350, 92
Trd, 258912.567, 95
Trd, 258912.767, 92
Trd, 258913.017, 91
Trd, 258913.067, 96
Trd, 258914.067, 106
Trd, 258914.500, 116
Trd, 258915.283, 93
Trd, 258915.717, 92
Trd, 258916.000, 99
Trd, 258916.217, 109
Trd, 258916.533, 98
Trd, 258916.783, 96
Trd, 258917.233, 93
Trd, 258918.650, 106
Trd, 258918.833, 112
Trd, 258919.067, 123
Trd, 258919.700, 116
Trd, 258919.767, 106
Trd, 258920.267, 99
Trd, 258920.467, 89
Trd, 258921.867, 108
Trd, 258922.433, 79
Trd, 258922.883, 92
Trd, 258923.283, 127
Trd, 258924.600, 99
Trd, 258925.050, 118
Trd, 258925.233, 117
Trd, 258925.433, 111
Trd, 258925.633, 105
Trd, 258926.067, 108
Trd, 258926.100, 97
Trd, 258926.717, 98
Trd, 258927.100, 95
Trd, 258928.133, 90
Trd, 258928.417, 106
Trd, 258928.533, 100
Trd, 258929.183, 112
Trd, 258929.950, 104
Trd, 258930.500, 111
Trd, 258930.667, 98
Trd, 258930.800, 95
Trd, 258930.867, 90
Trd, 258931.233, 115
Trd, 258932.083, 95
Trd, 258932.267, 110
Trd, 258932.400, 102
Trd, 258932.667, 92
Trd, 258933.167, 94
Trd, 258933.467, 112
Trd, 258934.317, 104
Trd, 258934.617, 104
Trd, 258934.750, 91
Trd, 258935.600, 90
Trd, 258935.850, 87
Trd, 258936.383, 98
Trd, 258936.567, 118
Trd, 258937.733, 113
Trd, 258937.883, 105
Trd, 258938.133, 96
Trd, 258938.233, 119
Trd, 258938.883, 102
Trd, 258940.150, 112
Trd, 258940.483, 105
Trd, 258940.833, 100
Trd, 258941.850, 92
Trd, 258942.000, 95
Trd, 258942.300, 113
Trd, 258942.750, 115
Trd, 258944.217, 110
Trd, 258944.767, 107
Trd, 258945.017, 118
Trd, 258945.217, 119
Trd, 258945.667, 90
Trd, 258946.683, 101
Trd, 258946.917, 115
Trd, 258947.667, 121
Trd, 258947.817, 100
Trd, 258947.833, 98
Trd, 258948.783, 115
Trd, 258948.800, 88
Trd, 258949.633, 95
Trd, 258950.333, 116
Trd, 258950.350, 112
Trd, 258950.517, 123
Trd, 258950.850, 105
Trd, 258951.100, 115
Trd, 258951.767, 94
Trd, 258952.417, 86
Trd, 258953.033, 88
Trd, 258953.500, 87
Trd, 258953.983, 88
Trd, 258955.200, 98
Trd, 258955.567, 101
Trd, 258956.783, 103
Trd, 258956.967, 101
Trd, 258957.083, 89
Trd, 258957.450, 111
Trd, 258957.483, 122
Trd, 258957.750, 101
Trd, 258957.817, 86
Trd, 258958.150, 82
Trd, 258958.500, 111
Trd, 258958.800, 106
Trd, 258958.883, 96
Trd, 258959.650, 104
Trd, 258960.467, 105
Trd, 258960.633, 96
Trd, 258962.183, 106
Trd, 258963.500, 119
Trd, 258964.167, 106
Trd, 258964.183, 106
Trd, 258964.867, 103
Trd, 258965.633, 107
Trd, 258966.217, 101
Trd, 258966.350, 113
Trd, 258967.117, 118
Trd, 258967.183, 112
Trd, 258967.250, 98
Trd, 258967.300, 93
Trd, 258967.783, 91
Trd, 258968.250, 118
Trd, 258969.200, 92
Trd, 258969.567, 106
Trd, 258969.967, 114
Trd, 258970.217, 109
Trd, 258970.683, 106
Trd, 258970.967, 105
Trd, 258971.033, 90
Trd, 258971.717, 95
Trd, 258972.117, 99
Trd, 258972.217, 108
Trd, 258972.583, 90
Trd, 258972.950, 99
Trd, 258973.117, 130
Trd, 258973.217, 93
Trd, 258973.517, 116
Trd, 258974.100, 89
Trd, 258974.933, 96
Trd, 258975.167, 94
Trd, 258975.183, 87
Trd, 258976.600, 103
Trd, 258977.000, 102
Trd, 258977.750, 91
Trd, 258978.850, 81
Trd, 258978.883, 81
Trd, 258979.117, 117
Trd, 258979.383, 114
Trd, 258980.383, 106
Trd, 258980.517, 90
Trd, 258981.133, 102
Trd, 258981.317, 89
Trd, 258981.383, 88
Trd, 258982.033, 90
Trd, 258982.317, 95
Trd, 258982.417, 88
Trd, 258982.800, 106
Trd, 258983.733, 85
Trd, 258984.700, 97
Trd, 258985.033, 114
Trd, 258985.083, 101
Trd, 258985.700, 99
Trd, 258986.117, 99
Trd, 258986.283, 112
Trd, 258986.483, 92
Trd, 258986.833, 85
Trd, 258987.200, 98
Trd, 258987.433, 88
Trd, 258987.500, 81
Trd, 258987.750, 91
Trd, 258987.883, 109
Trd, 258988.350, 95
Trd, 258988.950, 89
Trd, 258989.267, 113
Trd, 258989.800, 106
Trd, 258990.150, 107
Trd, 258990.800, 101
Trd, 258990.850, 91
Trd, 258991.800, 111
Trd, 258992.267, 108
Trd, 258992.350, 106
Trd, 258993.717, 102
Trd, 258993.900, 109
Trd, 258994.083, 118
Trd, 258994.500, 114
Trd, 258996.367, 108
Trd, 258996.700, 109
Trd, 258996.733, 118
Trd, 258998.200, 104
Trd, 258998.917, 102
Trd, 258998.983, 103
Trd, 258999.317, 97
Trd, 259000.233, 110
Trd, 259000.933, 101
Trd, 259001.283, 106
Trd, 259001.350, 93
Trd, 259001.467, 102
Trd, 259001.500, 120
Trd, 259001.650, 124
Trd, 259002.650, 94
Trd, 259003.300, 97
Trd, 259003.583, 95
Trd, 259003.767, 93
Trd, 259003.833, 101
Trd, 259004.083, 88
Trd, 259004.533, 103
Trd, 259005.083, 95
Trd, 259005.350, 85
Trd, 259006.467, 117
Trd, 259007.617, 103
Trd, 259008.217, 104
Trd, 259008.683, 98
Trd, 259008.717, 108
Trd, 259009.033, 93
Trd, 259009.133, 114
Trd, 259009.467, 86
Trd, 259010.017, 97
Trd, 259010.317, 111
Trd, 259010.517, 108
Trd, 259011.500, 101
Trd, 259012.150, 102
Trd, 259012.300, 104
Trd, 259012.717, 117
Trd, 259013.700, 110
Trd, 259013.767, 106
Trd, 259014.633, 120
Trd, 259014.833, 106
Trd, 259016.233, 99
Trd, 259016.383, 98
Trd, 259016.483, 110
Trd, 259017.117, 121
Trd, 259017.300, 117
Trd, 259017.383, 101
Trd, 259017.600, 95
Trd, 259018.683, 107
Trd, 259018.717, 110
Trd, 259019.067, 96
Trd, 259019.933, 104
Trd, 259020.183, 102
Trd, 259020.250, 99
Trd, 259021.067, 107
Trd, 259021.483, 115
Trd, 259022.250, 92
Trd, 259022.400, 102
Trd, 259022.733, 115
Trd, 259022.850, 95
Trd, 259022.950, 110
Trd, 259024.017, 96
Trd, 259024.550, 112
Trd, 259026.150, 98
Trd, 259026.233, 89
Trd, 259026.567, 104
Trd, 259026.750, 120
Trd, 259027.217, 105
Trd, 259027.683, 112
Trd, 259028.150, 99
Trd, 259028.233, 113
Trd, 259028.950, 102
Trd, 259029.300, 96
Trd, 259030.433, 100
Trd, 259030.483, 100
Trd, 259030.533, 111
Trd, 259030.867, 96
Trd, 259030.983, 94
Trd, 259031.067, 87
Trd, 259032.000, 91
Trd, 259032.450, 122
Trd, 259032.650, 92
Trd, 259033.217, 100
Trd, 259034.067, 111
Trd, 259034.317, 108
Trd, 259034.367, 109
Trd, 259034.417, 106
Trd, 259035.717, 108
Trd, 259035.983, 98
Trd, 259036.067, 95
Trd, 259037.733, 109
Trd, 259038.150, 114
Trd, 259038.350, 104
Trd, 259038.733, 119
Trd, 259038.867, 118
Trd, 259038.900, 110
Trd, 259040.283, 122
Trd, 259041.317, 116
Trd, 259041.383, 106
Trd, 259041.750, 100
Trd, 259041.967, 126
Trd, 259042.467, 116
Trd, 259042.517, 110
Trd, 259042.833, 101
Trd, 259043.133, 100
Trd, 259044.600, 106
Trd, 259044.733, 106
Trd, 259045.283, 104
Trd, 259045.517, 109
Trd, 259045.783, 78
Trd, 259046.033, 84
Trd, 259046.200, 107
Trd, 259046.450, 83
Trd, 259047.033, 102
Trd, 259047.350, 95
Trd, 259047.867, 114
Trd, 259048.233, 122
Trd, 259048.417, 122
Trd, 259048.567, 109
Trd, 259049.117, 103
Trd, 259049.800, 102
Trd, 259050.900, 97
Trd, 259051.317, 119
Trd, 259051.800, 119
Trd, 259052.000, 93
Trd, 259052.800, 111
Trd, 259053.150, 90
Trd, 259054.250, 95
Trd, 259054.417, 107
Trd, 259055.150, 114
Trd, 259055.333, 107
Trd, 259055.817, 106
Trd, 259056.300, 98
Trd, 259056.617, 89
Trd, 259057.050, 97
Trd, 259057.350, 102
Trd, 259057.400, 88
Trd, 259058.900, 115
Trd, 259058.950, 102
Trd, 259059.233, 113
Trd, 259060.367, 108
Trd, 259060.517, 111
Trd, 259061.167, 106
Trd, 259062.117, 100
Trd, 259063.967, 109
Trd, 259064.067, 98
Trd, 259064.267, 110
Trd, 259064.583, 105
Trd, 259064.683, 97
Trd, 259065.150, 103
Trd, 259065.683, 116
Trd, 259065.717, 94
Trd, 259066.400, 88
Trd, 259066.533, 105
Trd, 259067.633, 84
Trd, 259068.283, 107
Trd, 259068.967, 113
Trd, 259069.350, 114
Trd, 259069.467, 106
Trd, 259070.083, 108
Trd, 259070.983, 120
Trd, 259071.233, 110
Trd, 259071.433, 102
Trd, 259072.783, 121
Trd, 259073.783, 112
Trd, 259073.917, 98
Trd, 259074.250, 91
Trd, 259074.650, 102
Trd, 259075.017, 90
Trd, 259075.200, 85
Trd, 259076.250, 114
Trd, 259076.567, 93
Trd, 259077.333, 110
Trd, 259077.467, 101
Trd, 259077.650, 108
Trd, 259078.433, 121
Trd, 259079.717, 115
Trd, 259079.733, 101
Trd, 259080.617, 98
Trd, 259080.900, 108
Trd, 259081.183, 105
Trd, 259081.500, 117
Trd, 259081.933, 104
Trd, 259082.533, 110
Trd, 259083.367, 97
Trd, 259083.717, 95
Trd, 259083.900, 93
Trd, 259084.450, 100
Trd, 259085.650, 108
Trd, 259085.700, 106
Trd, 259086.200, 106
Trd, 259086.367, 104
Trd, 259086.600, 109
Trd, 259086.617, 90
Trd, 259087.067, 121
Trd, 259087.283, 119
Trd, 259088.533, 103
Trd, 259089.300, 117
Trd, 259089.650, 106
Trd, 259090.533, 109
Trd, 259090.967, 104
Trd, 259091.233, 111
Trd, 259091.333, 101
Trd, 259091.450, 107
Trd, 259092.083, 116
Trd, 259092.567, 98
Trd, 259092.800, 104
Trd, 259093.367, 103
Trd, 259093.400, 97
Trd, 259093.850, 104
Trd, 259094.417, 99
Trd, 259094.650, 116
Trd, 259095.617, 108
Trd, 259097.017, 116
Trd, 259097.167, 95
Trd, 259098.317, 111
Trd, 259100.267, 99
Trd, 259100.533, 108
Trd, 259101.183, 110
Trd, 259101.283, 106
Trd, 259101.833, 104
Trd, 259102.133, 104
Trd, 259102.350, 101
Trd, 259102.417, 97
Trd, 259102.617, 92
Trd, 259102.717, 125
Trd, 259103.233, 124
Trd, 259104.000, 90
Trd, 259104.383, 110
Trd, 259104.933, 89
Trd, 259105.583, 98
Trd, 259106.083, 92
Trd, 259106.533, 92
Trd, 259106.617, 94
Trd, 259107.183, 112
Trd, 259107.467, 90
Trd, 259107.983, 106
Trd, 259108.033, 86
Trd, 259108.850, 89
Trd, 259109.467, 103
Trd, 259110.400, 117
Trd, 259111.900, 112
Trd, 259111.967, 106
Trd, 259112.783, 107
Trd, 259113.133, 106
Trd, 259113.450, 110
Trd, 259113.517, 116
Trd, 259114.383, 102
Trd, 259114.467, 109
Trd, 259115.317, 99
Trd, 259115.450, 119
Trd, 259115.483, 91
Trd, 259117.200, 105
Trd, 259117.750, 104
Trd, 259118.117, 95
Trd, 259118.600, 88
Trd, 259118.667, 89
Trd, 259118.750, 117
Trd, 259118.933, 86
Trd, 259119.067, 82
Trd, 259119.233, 104
Trd, 259119.333, 91
Trd, 259119.883, 97
Trd, 259120.433, 117
Trd, 259120.700, 91
Trd, 259121.850, 103
Trd, 259123.100, 109
Trd, 259123.233, 111
Trd, 259123.300, 115
Trd, 259123.400, 106
Trd, 259124.083, 99
Trd, 259124.217, 89
Trd, 259124.300, 98
Trd, 259124.933, 104
Trd, 259125.750, 102
Trd, 259126.150, 97
Trd, 259126.233, 95
Trd, 259126.617, 107
Trd, 259127.350, 112
Trd, 259127.483, 114
Trd, 259127.717, 102
Trd, 259128.533, 102
Trd, 259128.967, 104
Trd, 259129.167, 106
Trd, 259129.967, 101
Trd, 259130.533, 92
Trd, 259130.633, 109
Trd, 259130.950, 112
Trd, 259133.100, 105
Trd, 259133.117, 105
Trd, 259134.183, 112
Trd, 259134.517, 113
Trd, 259136.200, 100
Trd, 259136.750, 109
Trd, 259136.783, 115
Trd, 259136.867, 99
Trd, 259137.467, 101
Trd, 259137.650, 98
Trd, 259137.967, 104
Trd, 259138.600, 112
Trd, 259138.983, 98
Trd, 259139.967, 102
Trd, 259140.650, 111
Trd, 259140.667, 108
Trd, 259141.500, 105
Trd, 259141.983, 100
Trd, 259142.783, 95
Trd, 259143.633, 99
Trd, 259143.767, 94
Trd, 259143.833, 110
Trd, 259144.167, 119
Trd, 259144.567, 114
Trd, 259145.267, 112
Trd, 259146.367, 119
Trd, 259146.500, 101
Trd, 259146.667, 105
Trd, 259148.133, 99
Trd, 259148.150, 97
Trd, 259148.883, 103
Trd, 259148.933, 97
Trd, 259149.183, 96
Trd, 259149.700, 94
Trd, 259150.867, 87
Trd, 259151.217, 119
Trd, 259152.033, 89
Trd, 259152.200, 87
Trd, 259152.250, 97
Trd, 259152.350, 111
Trd, 259154.250, 110
Trd, 259154.433, 106
Trd, 259155.567, 107
Trd, 259155.817, 106
Trd, 259156.033, 104
Trd, 259156.317, 104
Trd, 259156.467, 110
Trd, 259156.667, 110
Trd, 259156.683, 95
Trd, 259157.917, 124
Trd, 259158.867, 123
Trd, 259159.183, 112
Trd, 259159.367, 106
Trd, 259159.517, 104
Trd, 259159.867, 97
Trd, 259161.217, 107
Trd, 259161.917, 109
Trd, 259162.283, 103
Trd, 259163.267, 104
Trd, 259163.467, 101
Trd, 259164.783, 106
Trd, 259165.017, 99
Trd, 259165.633, 103
Trd, 259165.700, 99
Trd, 259165.817, 98
Trd, 259166.600, 115
Trd, 259167.583, 118
Trd, 259167.600, 111
Trd, 259167.917, 99
Trd, 259168.117, 100
Trd, 259168.417, 95
Trd, 259168.900, 94
Trd, 259169.350, 106
Trd, 259170.500, 97
Trd, 259170.800, 96
Trd, 259172.150, 104
Trd, 259172.483, 91
Trd, 259172.933, 108
Trd, 259173.000, 112
Trd, 259173.233, 124
Trd, 259173.817, 101
Trd, 259174.683, 109
Trd, 259174.717, 106
Trd, 259175.350, 99
Trd, 259175.483, 97
Trd, 259176.350, 105
Trd, 259176.683, 97
Trd, 259176.867, 96
Trd, 259177.567, 110
Trd, 259178.517, 113
Trd, 259178.900, 106
Trd, 259179.017, 129
Trd, 259179.500, 102
Trd, 259180.100, 103
Trd, 259180.317, 88
Trd, 259180.633, 115
Trd, 259182.217, 100
Trd, 259182.467, 113
Trd, 259183.183, 123
Trd, 259183.200, 111
Trd, 259183.383, 108
Trd, 259184.267, 107
Trd, 259184.517, 106
Trd, 259184.567, 97
Trd, 259184.783, 95
Trd, 259184.900, 109
Trd, 259185.500, 86
Trd, 259186.583, 112
Trd, 259186.933, 119
Trd, 259187.017, 95
Trd, 259187.850, 93
Trd, 259188.400, 93
Trd, 259188.667, 98
Trd, 259189.000, 95
Trd, 259189.133, 118
Trd, 259189.500, 121
Trd, 259189.883, 105
Trd, 259190.067, 88
Trd, 259190.317, 88
Trd, 259190.867, 107
Trd, 259191.350, 87
Trd, 259191.967, 85
Trd, 259192.200, 117
Trd, 259192.917, 98
Trd, 259193.050, 97
Trd, 259193.333, 98
Trd, 259193.483, 83
Trd, 259193.750, 82
Trd, 259194.767, 89
Trd, 259195.483, 95
Trd, 259195.900, 87
Trd, 259196.267, 91
Trd, 259197.267, 111
Trd, 259198.633, 97
Trd, 259198.883, 99
