Trd, 258479.917, 109
Trd, 258479.950, 110
Trd, 258480.183, 88
Trd, 258482.333, 90
Trd, 258483.367, 105
Trd, 258483.500, 104
Trd, 258484.250, 94
Trd, 258484.650, 100
Trd, 258485.133, 89
Trd, 258485.717, 103
Trd, 258485.750, 88
Trd, 258486.083, 98
Trd, 258487.133, 93
Trd, 258488.050, 103
Trd, 258488.483, 99
Trd, 258488.617, 93
Trd, 258488.667, 95
Trd, 258488.733, 108
Trd, 258488.933, 91
Trd, 258489.233, 130
Trd, 258489.667, 89
Trd, 258489.733, 90
Trd, 258489.817, 97
Trd, 258491.217, 101
Trd, 258491.583, 114
Trd, 258492.717, 98
Trd, 258492.733, 108
Trd, 258493.250, 97
Trd, 258493.383, 109
Trd, 258494.267, 97
Trd, 258495.150, 91
Trd, 258495.983, 118
Trd, 258496.633, 103
Trd, 258497.283, 94
Trd, 258497.767, 93
Trd, 258497.917, 92
Trd, 258498.100, 95
Trd, 258498.183, 99
Trd, 258499.033, 99
Trd, 258499.450, 93
Trd, 258499.467, 94
Trd, 258500.367, 88
Trd, 258500.650, 87
Trd, 258500.700, 106
Trd, 258500.967, 99
Trd, 258501.350, 96
Trd, 258501.700, 109
Trd, 258502.483, 92
Trd, 258502.717, 124
Trd, 258503.117, 104
Trd, 258504.067, 107
Trd, 258504.283, 103
Trd, 258504.433, 119
Trd, 258505.050, 86
Trd, 258505.267, 99
Trd, 258506.200, 113
Trd, 258506.567, 91
Trd, 258507.150, 107
Trd, 258507.183, 94
Trd, 258507.750, 94
Trd, 258507.983, 115
Trd, 258508.200, 95
Trd, 258509.133, 105
Trd, 258509.800, 101
Trd, 258511.000, 96
Trd, 258511.083, 103
Trd, 258511.700, 97
Trd, 258512.317, 106
Trd, 258513.067, 111
Trd, 258513.517, 103
Trd, 258513.767, 101
Trd, 258513.833, 89
Trd, 258515.267, 107
Trd, 258515.283, 87
Trd, 258515.483, 111
Trd, 258516.717, 103
Trd, 258517.533, 101
Trd, 258518.500, 106
Trd, 258518.533, 102
Trd, 258519.367, 101
Trd, 258519.767, 95
Trd, 258520.633, 89
Trd, 258521.050, 88
Trd, 258521.067, 96
Trd, 258522.333, 124
Trd, 258522.367, 110
Trd, 258522.667, 110
Trd, 258522.717, 106
Trd, 258522.767, 101
Trd, 258523.283, 114
Trd, 258523.583, 112
Trd, 258524.367, 123
Trd, 258525.133, 99
Trd, 258525.167, 91
Trd, 258525.483, 97
Trd, 258525.967, 110
Trd, 258529.817, 101
Trd, 258530.533, 99
Trd, 258530.667, 97
Trd, 258530.783, 106
Trd, 258531.100, 104
Trd, 258531.300, 115
Trd, 258531.317, 101
Trd, 258531.650, 98
Trd, 258531.967, 91
Trd, 258532.300, 90
Trd, 258532.967, 113
Trd, 258533.867, 127
Trd, 258534.383, 112
Trd, 258535.150, 119
Trd, 258536.550, 98
Trd, 258537.250, 95
Trd, 258537.883, 108
Trd, 258538.533, 118
Trd, 258539.267, 122
Trd, 258539.283, 108
Trd, 258539.767, 107
Trd, 258540.267, 108
Trd, 258540.350, 108
Trd, 258540.433, 105
Trd, 258540.483, 101
Trd, 258541.283, 95
Trd, 258541.917, 97
Trd, 258542.717, 111
Trd, 258544.000, 92
Trd, 258544.850, 106
Trd, 258545.117, 90
Trd, 258545.250, 95
Trd, 258545.433, 99
Trd, 258546.150, 90
Trd, 258546.700, 88
Trd, 258547.267, 108
Trd, 258547.633, 114
Trd, 258549.367, 101
Trd, 258549.850, 106
Trd, 258550.833, 101
Trd, 258550.900, 108
Trd, 258550.983, 109
Trd, 258551.283, 96
Trd, 258551.350, 107
Trd, 258551.783, 108
Trd, 258552.300, 90
Trd, 258552.600, 121
Trd, 258552.667, 95
Trd, 258553.467, 92
Trd, 258553.667, 100
Trd, 258553.867, 101
Trd, 258554.717, 105
Trd, 258555.783, 114
Trd, 258555.833, 108
Trd, 258556.900, 123
Trd, 258557.283, 129
Trd, 258559.200, 101
Trd, 258559.417, 112
Trd, 258559.650, 97
Trd, 258560.267, 106
Trd, 258561.467, 109
Trd, 258561.633, 98
Trd, 258562.717, 101
Trd, 258562.950, 106
Trd, 258563.150, 109
Trd, 258563.433, 104
Trd, 258564.917, 96
Trd, 258565.217, 91
Trd, 258565.633, 95
Trd, 258565.717, 124
Trd, 258565.833, 87
Trd, 258565.900, 92
Trd, 258566.117, 130
Trd, 258567.450, 113
Trd, 258568.167, 108
Trd, 258568.883, 92
Trd, 258569.317, 91
Trd, 258570.167, 107
Trd, 258571.017, 94
Trd, 258571.100, 101
Trd, 258571.183, 110
Trd, 258572.450, 95
Trd, 258573.617, 102
Trd, 258573.800, 88
Trd, 258573.850, 89
Trd, 258574.333, 83
Trd, 258574.800, 96
Trd, 258574.983, 122
Trd, 258575.900, 82
Trd, 258576.683, 88
Trd, 258577.067, 94
Trd, 258577.217, 98
Trd, 258577.267, 103
Trd, 258577.517, 107
Trd, 258577.567, 88
Trd, 258578.100, 96
Trd, 258578.800, 98
Trd, 258579.150, 95
Trd, 258579.383, 107
Trd, 258580.017, 107
Trd, 258581.600, 124
Trd, 258581.967, 112
Trd, 258582.383, 122
Trd, 258582.467, 102
Trd, 258583.017, 115
Trd, 258583.250, 106
Trd, 258583.533, 101
Trd, 258583.850, 106
Trd, 258583.967, 97
Trd, 258585.033, 98
Trd, 258585.950, 98
Trd, 258586.050, 100
Trd, 258586.400, 120
Trd, 258587.117, 98
Trd, 258587.167, 94
Trd, 258587.483, 87
Trd, 258587.867, 94
Trd, 258588.167, 82
Trd, 258588.567, 97
Trd, 258588.900, 125
Trd, 258589.150, 108
Trd, 258589.733, 100
Trd, 258590.350, 103
Trd, 258590.567, 110
Trd, 258590.667, 116
Trd, 258591.167, 110
Trd, 258592.167, 100
Trd, 258592.267, 99
Trd, 258593.000, 99
Trd, 258593.183, 103
Trd, 258593.250, 128
Trd, 258594.350, 98
Trd, 258594.550, 101
Trd, 258595.117, 98
Trd, 258596.017, 107
Trd, 258596.117, 108
Trd, 258596.383, 107
Trd, 258596.883, 102
Trd, 258597.267, 103
Trd, 258597.833, 97
Trd, 258598.883, 103
Trd, 258599.017, 99
Trd, 258599.533, 107
Trd, 258600.417, 92
Trd, 258600.533, 98
Trd, 258600.800, 127
Trd, 258601.250, 98
Trd, 258602.317, 107
Trd, 258602.600, 104
Trd, 258602.667, 103
Trd, 258603.600, 104
Trd, 258603.950, 115
Trd, 258603.983, 94
Trd, 258604.383, 104
Trd, 258604.733, 93
Trd, 258604.783, 99
Trd, 258606.167, 88
Trd, 258606.283, 104
Trd, 258606.483, 86
Trd, 258607.800, 109
Trd, 258608.000, 122
Trd, 258608.150, 120
Trd, 258608.633, 101
Trd, 258608.767, 94
Trd, 258609.233, 93
Trd, 258609.783, 99
Trd, 258609.917, 108
Trd, 258610.283, 103
Trd, 258611.433, 91
Trd, 258611.800, 92
Trd, 258612.267, 92
Trd, 258612.550, 123
Trd, 258612.950, 98
Trd, 258613.317, 105
Trd, 258614.200, 102
Trd, 258614.500, 103
Trd, 258614.567, 100
Trd, 258614.633, 110
Trd, 258616.367, 106
Trd, 258616.750, 101
Trd, 258617.000, 99
Trd, 258617.050, 90
Trd, 258617.300, 94
Trd, 258617.517, 90
Trd, 258618.383, 120
Trd, 258619.500, 97
Trd, 258619.533, 103
Trd, 258619.917, 103
Trd, 258620.383, 101
Trd, 258620.433, 103
Trd, 258620.633, 87
Trd, 258620.933, 84
Trd, 258621.150, 102
Trd, 258621.517, 83
Trd, 258621.533, 111
Trd, 258622.650, 113
Trd, 258622.967, 92
Trd, 258623.267, 122
Trd, 258623.517, 91
Trd, 258624.250, 108
Trd, 258625.533, 102
Trd, 258626.967, 110
Trd, 258627.450, 91
Trd, 258627.800, 102
Trd, 258628.617, 97
Trd, 258628.667, 89
Trd, 258628.767, 99
Trd, 258629.267, 113
Trd, 258629.650, 119
Trd, 258630.250, 106
Trd, 258630.800, 101
Trd, 258631.000, 102
Trd, 258631.400, 107
Trd, 258632.133, 89
Trd, 258632.267, 95
Trd, 258633.750, 86
Trd, 258633.900, 88
Trd, 258634.283, 110
Trd, 258634.333, 103
Trd, 258634.617, 96
Trd, 258634.817, 104
Trd, 258635.650, 117
Trd, 258636.183, 121
Trd, 258636.883, 127
Trd, 258637.267, 111
Trd, 258637.400, 101
Trd, 258637.967, 114
Trd, 258638.233, 104
Trd, 258638.533, 104
Trd, 258640.150, 104
Trd, 258640.717, 98
Trd, 258641.583, 108
Trd, 258642.383, 90
Trd, 258642.417, 98
Trd, 258642.767, 96
Trd, 258643.000, 104
Trd, 258643.200, 95
Trd, 258644.417, 107
Trd, 258644.533, 112
Trd, 258644.817, 116
Trd, 258645.233, 101
Trd, 258645.783, 90
Trd, 258647.067, 101
Trd, 258647.517, 106
Trd, 258647.833, 105
Trd, 258648.183, 97
Trd, 258648.267, 106
Trd, 258648.667, 94
Trd, 258649.317, 121
Trd, 258649.950, 118
Trd, 258650.800, 104
Trd, 258651.033, 94
Trd, 258651.317, 90
Trd, 258651.450, 93
Trd, 258652.150, 115
Trd, 258652.183, 109
Trd, 258652.700, 121
Trd, 258653.767, 93
Trd, 258653.900, 88
Trd, 258653.933, 104
Trd, 258654.217, 107
Trd, 258654.350, 104
Trd, 258654.650, 106
Trd, 258655.767, 122
Trd, 258655.933, 95
Trd, 258656.117, 92
Trd, 258657.000, 101
Trd, 258657.800, 113
Trd, 258658.583, 101
Trd, 258659.483, 102
Trd, 258659.667, 106
Trd, 258660.400, 99
Trd, 258660.583, 118
Trd, 258661.767, 96
Trd, 258662.683, 108
Trd, 258662.700, 86
Trd, 258663.517, 102
Trd, 258663.600, 108
Trd, 258665.450, 105
Trd, 258666.017, 104
Trd, 258666.417, 105
Trd, 258666.933, 101
Trd, 258667.883, 102
Trd, 258668.083, 111
Trd, 258668.300, 109
Trd, 258668.717, 120
Trd, 258669.450, 99
Trd, 258669.633, 98
Trd, 258670.000, 108
Trd, 258671.467, 97
Trd, 258672.333, 114
Trd, 258672.383, 100
Trd, 258672.500, 93
Trd, 258673.250, 108
Trd, 258673.317, 98
Trd, 258674.583, 101
Trd, 258675.000, 94
Trd, 258675.283, 93
Trd, 258676.117, 111
Trd, 258677.217, 105
Trd, 258677.250, 105
Trd, 258677.533, 91
Trd, 258677.867, 103
Trd, 258678.500, 106
Trd, 258678.800, 90
Trd, 258679.367, 100
Trd, 258679.817, 92
Trd, 258680.117, 95
Trd, 258681.367, 91
Trd, 258681.533, 88
Trd, 258681.817, 102
Trd, 258682.433, 107
Trd, 258682.700, 90
Trd, 258683.917, 112
Trd, 258684.033, 111
Trd, 258684.117, 101
Trd, 258684.133, 97
Trd, 258685.683, 97
Trd, 258686.783, 107
Trd, 258686.800, 104
Trd, 258686.883, 99
Trd, 258687.467, 108
Trd, 258688.050, 122
Trd, 258689.333, 106
Trd, 258689.483, 98
Trd, 258690.733, 103
Trd, 258691.000, 107
Trd, 258691.033, 122
Trd, 258691.217, 102
Trd, 258692.367, 95
Trd, 258692.650, 95
Trd, 258693.017, 105
Trd, 258693.133, 98
Trd, 258693.683, 99
Trd, 258693.883, 118
Trd, 258694.100, 95
Trd, 258695.217, 96
Trd, 258695.750, 104
Trd, 258696.167, 106
Trd, 258696.250, 95
Trd, 258696.350, 89
Trd, 258696.500, 101
Trd, 258697.133, 81
Trd, 258697.400, 94
Trd, 258698.650, 116
Trd, 258698.750, 91
Trd, 258699.333, 123
Trd, 258699.750, 105
Trd, 258700.000, 101
Trd, 258700.433, 101
Trd, 258700.900, 109
Trd, 258701.267, 104
Trd, 258701.583, 101
Trd, 258701.650, 88
Trd, 258701.700, 87
Trd, 258702.300, 83
Trd, 258702.400, 100
Trd, 258703.017, 106
Trd, 258704.633, 113
Trd, 258705.983, 101
Trd, 258706.633, 110
Trd, 258706.933, 101
Trd, 258707.150, 110
Trd, 258707.483, 99
Trd, 258707.567, 98
Trd, 258708.617, 110
Trd, 258709.433, 109
Trd, 258710.083, 101
Trd, 258710.200, 101
Trd, 258710.667, 95
Trd, 258711.267, 116
Trd, 258711.483, 118
Trd, 258712.967, 107
Trd, 258713.267, 104
Trd, 258713.400, 104
Trd, 258713.683, 118
Trd, 258714.067, 102
Trd, 258715.133, 92
Trd, 258716.067, 99
Trd, 258716.333, 108
Trd, 258717.067, 109
Trd, 258717.283, 101
Trd, 258718.167, 110
Trd, 258719.133, 104
Trd, 258719.267, 102
Trd, 258719.417, 101
Trd, 258719.933, 109
Trd, 258720.733, 94
Trd, 258720.800, 87
Trd, 258720.867, 105
Trd, 258721.350, 95
Trd, 258721.783, 97
Trd, 258721.800, 114
Trd, 258722.417, 101
Trd, 258722.700, 114
Trd, 258723.983, 118
Trd, 258724.333, 104
Trd, 258725.367, 108
Trd, 258725.933, 118
Trd, 258725.950, 96
Trd, 258726.650, 117
Trd, 258726.900, 107
Trd, 258727.267, 123
Trd, 258727.783, 87
Trd, 258729.183, 96
Trd, 258729.917, 106
Trd, 258730.133, 104
Trd, 258730.583, 100
Trd, 258730.717, 106
Trd, 258731.383, 109
Trd, 258732.250, 113
Trd, 258732.617, 121
Trd, 258732.967, 101
Trd, 258733.150, 110
Trd, 258733.483, 104
Trd, 258733.733, 87
Trd, 258734.850, 112
Trd, 258735.417, 117
Trd, 258735.750, 111
Trd, 258736.433, 101
Trd, 258736.950, 99
Trd, 258738.633, 89
Trd, 258739.783, 97
Trd, 258740.017, 100
Trd, 258740.300, 93
Trd, 258741.067, 108
Trd, 258741.517, 105
Trd, 258741.567, 103
Trd, 258741.833, 103
Trd, 258742.317, 105
Trd, 258742.817, 123
Trd, 258744.117, 104
Trd, 258744.250, 107
Trd, 258745.900, 112
Trd, 258746.067, 101
Trd, 258746.100, 114
Trd, 258746.600, 93
Trd, 258746.783, 97
Trd, 258746.967, 87
Trd, 258747.083, 105
Trd, 258747.967, 97
Trd, 258748.067, 86
Trd, 258748.117, 88
Trd, 258748.250, 95
Trd, 258748.717, 115
Trd, 258748.950, 121
Trd, 258749.033, 101
Trd, 258750.417, 118
Trd, 258750.500, 97
Trd, 258751.750, 111
Trd, 258753.117, 104
Trd, 258753.133, 104
Trd, 258753.550, 109
Trd, 258754.533, 97
Trd, 258755.050, 90
Trd, 258755.967, 107
Trd, 258757.100, 104
Trd, 258757.700, 106
Trd, 258757.817, 103
Trd, 258758.067, 105
Trd, 258758.200, 122
Trd, 258758.683, 101
Trd, 258759.100, 103
Trd, 258759.367, 113
Trd, 258759.783, 100
Trd, 258760.833, 121
Trd, 258761.067, 124
Trd, 258761.500, 106
Trd, 258761.750, 112
Trd, 258761.950, 104
Trd, 258762.017, 101
Trd, 258762.250, 121
Trd, 258762.500, 99
Trd, 258762.633, 89
Trd, 258762.917, 92
Trd, 258763.150, 94
Trd, 258763.567, 101
Trd, 258764.717, 98
Trd, 258764.933, 96
Trd, 258765.350, 106
Trd, 258767.233, 107
Trd, 258767.733, 114
Trd, 258767.767, 110
Trd, 258768.500, 108
Trd, 258768.567, 96
Trd, 258769.050, 113
Trd, 258769.217, 96
Trd, 258770.150, 101
Trd, 258770.950, 104
Trd, 258771.900, 100
Trd, 258772.583, 97
Trd, 258772.650, 106
Trd, 258773.100, 108
Trd, 258773.683, 115
Trd, 258775.433, 109
Trd, 258775.667, 104
Trd, 258776.650, 108
Trd, 258776.817, 114
Trd, 258776.833, 100
Trd, 258777.267, 98
Trd, 258777.567, 108
Trd, 258777.967, 101
Trd, 258778.333, 101
Trd, 258779.283, 113
Trd, 258779.550, 116
Trd, 258780.217, 103
Trd, 258780.667, 101
Trd, 258780.983, 107
Trd, 258781.333, 107
Trd, 258782.383, 105
Trd, 258782.617, 87
Trd, 258782.983, 104
Trd, 258783.000, 102
Trd, 258783.233, 96
Trd, 258783.717, 79
Trd, 258784.467, 107
Trd, 258785.250, 89
Trd, 258785.283, 115
Trd, 258786.317, 108
Trd, 258786.383, 115
Trd, 258787.650, 101
Trd, 258787.667, 97
Trd, 258788.050, 109
Trd, 258788.167, 124
Trd, 258788.800, 119
Trd, 258789.067, 100
Trd, 258789.283, 103
Trd, 258790.217, 98
Trd, 258790.717, 107
Trd, 258792.533, 99
Trd, 258793.183, 103
Trd, 258793.383, 103
Trd, 258793.500, 100
Trd, 258794.450, 92
Trd, 258794.550, 107
Trd, 258794.700, 95
Trd, 258794.717, 91
Trd, 258795.450, 88
Trd, 258795.600, 95
Trd, 258796.083, 108
Trd, 258796.100, 107
Trd, 258796.333, 94
Trd, 258796.850, 91
Trd, 258796.983, 88
Trd, 258797.400, 87
Trd, 258797.750, 89
Trd, 258798.350, 102
Trd, 258798.883, 107
Trd, 258798.983, 98
Trd, 258799.550, 121
Trd, 258799.850, 118
Trd, 258800.683, 99
Trd, 258801.383, 86
Trd, 258802.217, 96
Trd, 258802.500, 107
Trd, 258803.050, 104
Trd, 258803.500, 116
Trd, 258804.100, 111
Trd, 258804.867, 101
Trd, 258804.900, 86
Trd, 258805.883, 109
Trd, 258806.400, 100
Trd, 258806.533, 115
Trd, 258807.333, 113
Trd, 258807.483, 106
Trd, 258807.550, 103
Trd, 258808.283, 114
Trd, 258808.917, 110
Trd, 258810.217, 101
Trd, 258810.483, 97
Trd, 258810.767, 91
Trd, 258811.267, 99
Trd, 258811.450, 96
Trd, 258812.017, 109
Trd, 258812.833, 90
Trd, 258813.017, 100
Trd, 258814.650, 99
Trd, 258815.283, 99
Trd, 258815.817, 108
Trd, 258816.250, 117
Trd, 258816.633, 101
Trd, 258817.217, 120
Trd, 258818.083, 107
Trd, 258818.200, 93
Trd, 258818.567, 102
Trd, 258819.133, 112
Trd, 258819.650, 109
Trd, 258819.833, 91
Trd, 258820.050, 92
Trd, 258820.200, 91
Trd, 258822.150, 116
Trd, 258822.283, 103
Trd, 258822.367, 113
Trd, 258822.950, 101
Trd, 258823.217, 106
Trd, 258823.417, 94
Trd, 258823.583, 95
Trd, 258823.617, 93
Trd, 258824.067, 104
Trd, 258824.767, 121
Trd, 258825.083, 103
Trd, 258825.267, 123
Trd, 258825.300, 87
Trd, 258825.867, 104
Trd, 258826.433, 84
Trd, 258826.733, 111
Trd, 258828.400, 104
Trd, 258828.983, 112
Trd, 258829.117, 90
Trd, 258830.083, 107
Trd, 258830.267, 94
Trd, 258830.517, 103
Trd, 258830.867, 93
Trd, 258832.333, 99
Trd, 258832.850, 111
Trd, 258833.067, 118
Trd, 258833.367, 100
Trd, 258834.183, 119
Trd, 258834.217, 96
Trd, 258834.850, 103
Trd, 258834.967, 106
Trd, 258835.683, 109
Trd, 258835.933, 108
Trd, 258835.950, 107
Trd, 258835.967, 106
Trd, 258837.067, 92
Trd, 258838.050, 119
Trd, 258838.833, 96
Trd, 258838.883, 96
Trd, 258839.117, 102
Trd, 258840.100, 110
Trd, 258840.683, 100
Trd, 258841.783, 98
Trd, 258841.883, 92
Trd, 258842.333, 95
Trd, 258842.417, 87
Trd, 258843.317, 95
Trd, 258843.717, 99
Trd, 258844.700, 96
Trd, 258845.233, 98
Trd, 258846.183, 104
Trd, 258846.733, 88
Trd, 258848.333, 95
Trd, 258848.533, 102
Trd, 258848.667, 96
Trd, 258849.200, 102
Trd, 258849.217, 103
Trd, 258849.433, 92
Trd, 258849.650, 90
Trd, 258850.750, 121
Trd, 258850.967, 119
Trd, 258851.750, 98
Trd, 258852.467, 94
Trd, 258852.817, 100
Trd, 258853.300, 96
Trd, 258853.633, 87
Trd, 258854.017, 106
Trd, 258854.583, 106
Trd, 258854.950, 91
Trd, 258855.517, 103
Trd, 258856.583, 88
Trd, 258856.850, 90
Trd, 258856.950, 98
Trd, 258857.033, 94
Trd, 258858.083, 105
Trd, 258858.117, 104
Trd, 258859.400, 103
Trd, 258860.483, 101
Trd, 258860.817, 108
Trd, 258861.233, 100
Trd, 258862.900, 97
Trd, 258863.200, 96
Trd, 258863.567, 103
Trd, 258863.717, 121
Trd, 258864.233, 121
Trd, 258865.000, 102
Trd, 258866.183, 113
Trd, 258866.500, 105
Trd, 258866.517, 123
Trd, 258866.833, 124
Trd, 258866.950, 94
Trd, 258867.467, 92
Trd, 258868.517, 95
Trd, 258868.750, 88
Trd, 258869.033, 101
Trd, 258870.467, 106
Trd, 258870.850, 97
Trd, 258870.983, 85
Trd, 258871.400, 104
Trd, 258872.167, 106
Trd, 258872.333, 106
Trd, 258872.433, 103
Trd, 258874.300, 101
Trd, 258874.350, 100
Trd, 258874.950, 103
Trd, 258875.050, 89
Trd, 258875.183, 121
Trd, 258877.167, 113
Trd, 258877.383, 108
Trd, 258878.100, 96
Trd, 258878.500, 100
Trd, 258879.333, 106
Trd, 258879.500, 102
Trd, 258881.567, 107
Trd, 258881.867, 113
Trd, 258882.533, 104
Trd, 258883.383, 109
Trd, 258883.600, 110
Trd, 258883.900, 113
Trd, 258884.117, 107
Trd, 258884.283, 105
Trd, 258884.400, 101
Trd, 258884.750, 94
Trd, 258885.400, 101
Trd, 258885.717, 105
Trd, 258886.267, 90
Trd, 258887.083, 110
Trd, 258887.283, 122
Trd, 258888.000, 107
Trd, 258888.817, 106
Trd, 258889.383, 114
Trd, 258889.950, 113
Trd, 258890.017, 101
Trd, 258890.950, 100
Trd, 258891.483, 96
Trd, 258891.550, 118
Trd, 258892.483, 118
Trd, 258893.233, 113
Trd, 258893.367, 99
Trd, 258894.133, 97
Trd, 258894.317, 95
Trd, 258894.883, 90
Trd, 258895.800, 98
Trd, 258895.867, 102
Trd, 258896.550, 103
Trd, 258897.033, 106
Trd, 258897.450, 97
Trd, 258898.200, 110
Trd, 258900.267, 98
Trd, 258900.433, 101
Trd, 258901.300, 113
Trd, 258901.467, 107
Trd, 258901.950, 89
Trd, 258902.117, 92
Trd, 258903.333, 106
Trd, 258903.967, 97
Trd, 258904.217, 99
Trd, 258904.433, 116
Trd, 258904.550, 112
Trd, 258905.050, 100
Trd, 258905.433, 89
Trd, 258906.983, 96
Trd, 258907.250, 95
Trd, 258908.317, 113
Trd, 258908.717, 118
Trd, 258908.933, 112
Trd, 258909.150, 109
Trd, 258909.217, 109
Trd, 258909.600, 107
Trd, 258910.233, 101
Trd, 258910.967, 91
Trd, 258911.500, 111
Trd, 258913.133, 110
Trd, 258913.200, 110
Trd, 258913.300, 106
Trd, 258913.500, 121
Trd, 258914.017, 102
Trd, 258914.033, 103
Trd, 258915.167, 107
Trd, 258916.617, 103
Trd, 258916.950, 124
Trd, 258917.783, 101
Trd, 258918.517, 109
Trd, 258918.850, 107
Trd, 258919.267, 106
Trd, 258919.767, 97
Trd, 258920.317, 87
Trd, 258920.717, 100
Trd, 258921.017, 108
Trd, 258922.817, 110
Trd, 258924.000, 99
Trd, 258924.117, 96
Trd, 258924.550, 105
Trd, 258925.733, 100
Trd, 258927.083, 102
Trd, 258927.250, 110
Trd, 258928.500, 96
Trd, 258928.667, 112
Trd, 258928.933, 97
Trd, 258930.217, 106
Trd, 258930.867, 104
Trd, 258931.483, 111
Trd, 258931.567, 113
Trd, 258931.883, 105
Trd, 258932.400, 104
Trd, 258933.433, 107
Trd, 258933.483, 113
Trd, 258933.683, 112
Trd, 258934.733, 101
Trd, 258934.833, 102
Trd, 258936.167, 102
Trd, 258936.267, 102
Trd, 258936.483, 130
Trd, 258937.350, 95
Trd, 258937.367, 94
Trd, 258939.183, 106
Trd, 258939.317, 88
Trd, 258940.167, 98
Trd, 258941.000, 107
Trd, 258941.033, 111
Trd, 258941.217, 97
Trd, 258942.500, 102
Trd, 258942.833, 117
Trd, 258943.117, 101
Trd, 258943.133, 110
Trd, 258943.567, 95
Trd, 258944.400, 95
Trd, 258945.500, 108
Trd, 258945.550, 119
Trd, 258945.917, 88
Trd, 258946.483, 98
Trd, 258946.767, 112
Trd, 258947.133, 98
Trd, 258947.517, 99
Trd, 258948.217, 88
Trd, 258948.483, 97
Trd, 258949.367, 111
Trd, 258950.300, 91
Trd, 258950.717, 104
Trd, 258951.450, 96
Trd, 258952.350, 103
Trd, 258952.417, 101
Trd, 258953.467, 106
Trd, 258953.667, 113
Trd, 258954.333, 88
Trd, 258954.567, 112
Trd, 258954.883, 97
Trd, 258955.450, 88
Trd, 258955.767, 89
Trd, 258956.083, 123
Trd, 258956.400, 96
Trd, 258957.383, 114
Trd, 258957.433, 111
Trd, 258957.700, 119
Trd, 258957.983, 94
Trd, 258960.417, 90
Trd, 258961.133, 93
Trd, 258961.350, 95
Trd, 258961.450, 92
Trd, 258961.883, 96
Trd, 258962.767, 105
Trd, 258962.983, 98
Trd, 258963.367, 98
Trd, 258964.233, 89
Trd, 258965.017, 96
Trd, 258965.433, 93
Trd, 258965.733, 104
Trd, 258966.133, 99
Trd, 258966.233, 98
Trd, 258966.250, 97
Trd, 258967.083, 95
Trd, 258967.200, 106
Trd, 258967.667, 106
Trd, 258967.750, 104
Trd, 258968.700, 107
Trd, 258969.617, 107
Trd, 258969.917, 105
Trd, 258970.200, 101
Trd, 258970.217, 108
Trd, 258970.567, 100
Trd, 258972.067, 105
Trd, 258972.600, 110
Trd, 258973.217, 101
Trd, 258974.033, 100
Trd, 258974.733, 94
Trd, 258974.783, 112
Trd, 258974.900, 89
Trd, 258975.033, 101
Trd, 258975.900, 102
Trd, 258976.400, 90
Trd, 258976.467, 87
Trd, 258977.283, 108
Trd, 258977.517, 106
Trd, 258977.883, 96
Trd, 258978.150, 94
Trd, 258978.333, 91
Trd, 258978.500, 108
Trd, 258978.617, 123
Trd, 258980.100, 103
Trd, 258980.733, 115
Trd, 258980.867, 119
Trd, 258981.400, 113
Trd, 258981.850, 98
Trd, 258983.300, 128
Trd, 258983.750, 100
Trd, 258985.067, 108
Trd, 258985.133, 106
Trd, 258985.183, 94
Trd, 258985.783, 119
Trd, 258986.700, 104
Trd, 258987.750, 111
Trd, 258987.817, 106
Trd, 258988.750, 119
Trd, 258989.717, 111
Trd, 258990.867, 101
Trd, 258991.033, 109
Trd, 258991.050, 122
Trd, 258991.117, 101
Trd, 258993.200, 113
Trd, 258993.417, 115
Trd, 258994.333, 110
Trd, 258995.083, 102
Trd, 258995.433, 87
Trd, 258995.450, 93
Trd, 258995.750, 84
Trd, 258996.233, 113
Trd, 258997.333, 101
Trd, 258998.133, 102
Trd, 258998.683, 103
Trd, 258998.833, 108
Trd, 258999.300, 110
Trd, 258999.383, 109
Trd, 258999.550, 102
Trd, 258999.867, 91
Trd, 259001.117, 115
Trd, 259001.333, 106
Trd, 259001.750, 124
Trd, 259001.933, 108
Trd, 259002.400, 112
Trd, 259003.300, 95
Trd, 259003.533, 96
Trd, 259003.550, 89
Trd, 259004.117, 93
Trd, 259006.200, 90
Trd, 259007.017, 107
Trd, 259007.367, 111
Trd, 259007.600, 100
Trd, 259008.267, 107
Trd, 259008.850, 112
Trd, 259008.900, 123
Trd, 259008.917, 104
Trd, 259009.983, 122
Trd, 259010.100, 111
Trd, 259010.667, 105
Trd, 259010.783, 103
Trd, 259011.367, 101
Trd, 259011.717, 111
Trd, 259012.500, 99
Trd, 259012.950, 103
Trd, 259013.683, 88
Trd, 259013.767, 98
Trd, 259014.233, 102
Trd, 259014.500, 98
Trd, 259014.967, 93
Trd, 259015.667, 87
Trd, 259016.200, 108
Trd, 259016.633, 93
Trd, 259017.217, 84
Trd, 259018.233, 97
Trd, 259018.333, 101
Trd, 259019.500, 104
Trd, 259019.700, 101
Trd, 259020.283, 101
Trd, 259020.883, 108
Trd, 259021.117, 105
Trd, 259022.900, 103
Trd, 259023.150, 101
Trd, 259023.383, 96
Trd, 259023.600, 118
Trd, 259024.033, 89
Trd, 259024.717, 106
Trd, 259026.183, 101
Trd, 259026.367, 108
Trd, 259026.467, 98
Trd, 259028.817, 106
Trd, 259029.150, 102
Trd, 259029.633, 104
Trd, 259029.667, 103
Trd, 259030.733, 98
Trd, 259031.367, 87
Trd, 259032.000, 86
Trd, 259032.133, 107
Trd, 259032.617, 103
Trd, 259032.867, 123
Trd, 259032.967, 107
Trd, 259033.900, 113
Trd, 259034.000, 100
Trd, 259034.967, 99
Trd, 259035.783, 103
Trd, 259036.150, 95
Trd, 259036.817, 101
Trd, 259037.033, 102
Trd, 259037.717, 102
Trd, 259038.600, 106
Trd, 259039.267, 104
Trd, 259039.283, 105
Trd, 259041.317, 105
Trd, 259041.467, 113
Trd, 259041.517, 101
Trd, 259042.517, 93
Trd, 259042.667, 94
Trd, 259043.150, 106
Trd, 259044.367, 123
Trd, 259044.583, 107
Trd, 259045.500, 123
Trd, 259045.817, 101
Trd, 259046.817, 110
Trd, 259047.117, 108
Trd, 259048.317, 105
Trd, 259048.750, 108
Trd, 259049.100, 93
Trd, 259049.117, 112
Trd, 259049.950, 105
Trd, 259050.167, 106
Trd, 259050.550, 101
Trd, 259050.850, 96
Trd, 259051.267, 100
Trd, 259051.917, 87
Trd, 259051.983, 112
Trd, 259052.017, 127
Trd, 259052.233, 83
Trd, 259054.350, 90
Trd, 259054.933, 104
Trd, 259056.367, 102
Trd, 259056.600, 101
Trd, 259056.750, 89
Trd, 259057.767, 95
Trd, 259058.550, 101
Trd, 259059.100, 105
Trd, 259059.350, 116
Trd, 259059.717, 100
Trd, 259059.867, 98
Trd, 259059.933, 95
Trd, 259060.850, 96
Trd, 259061.400, 106
Trd, 259061.617, 103
Trd, 259061.850, 95
Trd, 259062.133, 106
Trd, 259062.467, 104
Trd, 259062.800, 121
Trd, 259063.800, 103
Trd, 259063.900, 94
Trd, 259064.033, 108
Trd, 259064.683, 123
Trd, 259064.850, 106
Trd, 259066.283, 104
Trd, 259066.750, 92
Trd, 259066.767, 106
Trd, 259067.317, 91
Trd, 259068.150, 104
Trd, 259068.533, 115
Trd, 259069.200, 102
Trd, 259069.217, 101
Trd, 259070.100, 104
Trd, 259070.383, 102
Trd, 259070.400, 96
Trd, 259070.717, 90
Trd, 259070.767, 107
Trd, 259070.900, 111
Trd, 259071.833, 108
Trd, 259072.083, 112
Trd, 259073.550, 115
Trd, 259073.917, 99
Trd, 259074.917, 114
Trd, 259075.167, 113
Trd, 259075.217, 108
Trd, 259077.517, 101
Trd, 259077.567, 106
Trd, 259077.900, 87
Trd, 259078.017, 100
Trd, 259078.317, 105
Trd, 259078.733, 108
Trd, 259078.900, 105
Trd, 259079.500, 127
Trd, 259080.000, 111
Trd, 259081.133, 127
Trd, 259081.200, 100
Trd, 259081.950, 97
Trd, 259082.617, 96
Trd, 259083.117, 106
Trd, 259083.400, 117
Trd, 259083.683, 108
Trd, 259085.417, 103
Trd, 259085.783, 96
Trd, 259086.017, 87
Trd, 259086.067, 115
Trd, 259086.733, 114
Trd, 259087.583, 113
Trd, 259087.700, 104
Trd, 259087.850, 101
Trd, 259088.167, 112
Trd, 259089.133, 107
Trd, 259089.150, 105
Trd, 259089.333, 123
Trd, 259090.000, 97
Trd, 259090.067, 95
Trd, 259090.617, 107
Trd, 259091.167, 108
Trd, 259092.967, 119
Trd, 259093.500, 127
Trd, 259093.750, 110
Trd, 259093.867, 123
Trd, 259094.567, 106
Trd, 259094.583, 101
Trd, 259094.800, 101
Trd, 259094.950, 98
Trd, 259095.633, 91
Trd, 259095.850, 92
Trd, 259096.067, 94
Trd, 259097.267, 87
Trd, 259097.500, 95
Trd, 259098.767, 107
Trd, 259099.667, 122
Trd, 259100.517, 108
Trd, 259100.967, 105
Trd, 259101.200, 97
Trd, 259101.367, 110
Trd, 259101.750, 112
Trd, 259102.133, 103
Trd, 259102.233, 123
Trd, 259102.467, 123
Trd, 259103.283, 101
Trd, 259104.083, 105
Trd, 259104.433, 98
Trd, 259104.617, 97
Trd, 259105.367, 98
Trd, 259105.567, 96
Trd, 259106.017, 107
Trd, 259107.800, 101
Trd, 259107.933, 98
Trd, 259108.150, 108
Trd, 259109.217, 103
Trd, 259109.617, 109
Trd, 259109.750, 109
Trd, 259110.950, 101
Trd, 259111.217, 101
Trd, 259111.367, 125
Trd, 259112.000, 131
Trd, 259112.317, 135
Trd, 259112.517, 106
Trd, 259112.767, 106
Trd, 259112.983, 96
Trd, 259113.150, 109
Trd, 259113.817, 95
Trd, 259113.850, 94
Trd, 259115.317, 103
Trd, 259116.050, 103
Trd, 259116.817, 103
Trd, 259118.700, 103
Trd, 259118.800, 101
Trd, 259119.100, 97
Trd, 259119.183, 98
Trd, 259119.383, 95
Trd, 259119.533, 108
Trd, 259120.400, 104
Trd, 259120.933, 101
Trd, 259121.917, 94
Trd, 259123.150, 94
Trd, 259123.300, 112
Trd, 259123.500, 117
Trd, 259124.017, 103
Trd, 259124.033, 94
Trd, 259125.100, 101
Trd, 259125.583, 105
Trd, 259126.333, 117
Trd, 259126.700, 110
Trd, 259126.817, 98
Trd, 259127.667, 95
Trd, 259127.700, 90
Trd, 259127.817, 102
Trd, 259128.200, 108
Trd, 259128.467, 104
Trd, 259128.900, 93
Trd, 259129.667, 95
Trd, 259130.283, 107
Trd, 259130.383, 122
Trd, 259130.517, 96
Trd, 259130.633, 102
Trd, 259131.467, 101
Trd, 259132.333, 103
Trd, 259132.967, 99
Trd, 259133.233, 94
Trd, 259133.883, 114
Trd, 259134.133, 87
Trd, 259134.417, 103
Trd, 259134.683, 82
Trd, 259134.967, 97
Trd, 259135.533, 118
Trd, 259136.017, 99
Trd, 259136.850, 112
Trd, 259137.783, 101
Trd, 259138.017, 101
Trd, 259139.350, 106
Trd, 259139.617, 103
Trd, 259139.700, 100
Trd, 259139.883, 88
Trd, 259140.867, 94
Trd, 259141.183, 101
Trd, 259141.750, 107
Trd, 259142.117, 90
Trd, 259142.433, 102
Trd, 259142.633, 111
Trd, 259143.300, 100
Trd, 259144.267, 93
Trd, 259144.333, 107
Trd, 259146.133, 95
Trd, 259146.150, 99
Trd, 259147.033, 95
Trd, 259147.217, 114
Trd, 259147.400, 109
Trd, 259147.950, 98
Trd, 259148.517, 108
Trd, 259149.450, 123
Trd, 259149.550, 95
Trd, 259149.767, 85
Trd, 259150.033, 131
Trd, 259150.700, 123
Trd, 259150.983, 112
Trd, 259151.017, 91
Trd, 259152.050, 97
Trd, 259152.700, 94
Trd, 259153.133, 108
Trd, 259153.667, 112
Trd, 259153.900, 111
Trd, 259154.033, 87
Trd, 259154.750, 100
Trd, 259155.150, 116
Trd, 259155.250, 89
Trd, 259155.267, 128
Trd, 259155.867, 85
Trd, 259155.900, 103
Trd, 259156.617, 105
Trd, 259157.650, 104
Trd, 259158.033, 101
Trd, 259158.267, 96
Trd, 259159.017, 95
Trd, 259159.183, 83
Trd, 259160.317, 90
Trd, 259160.450, 107
Trd, 259160.767, 96
Trd, 259161.750, 113
Trd, 259164.283, 102
Trd, 259164.383, 101
Trd, 259165.317, 110
Trd, 259165.500, 97
Trd, 259166.100, 114
Trd, 259166.433, 101
Trd, 259166.883, 104
Trd, 259167.067, 99
Trd, 259167.267, 95
Trd, 259167.500, 109
Trd, 259168.350, 113
Trd, 259168.467, 127
Trd, 259168.900, 104
Trd, 259169.833, 107
Trd, 259171.317, 101
Trd, 259171.383, 109
Trd, 259172.117, 104
Trd, 259173.633, 99
Trd, 259173.883, 97
Trd, 259174.717, 102
Trd, 259174.933, 100
Trd, 259175.567, 99
Trd, 259175.917, 96
Trd, 259176.050, 91
Trd, 259176.183, 110
Trd, 259176.467, 127
Trd, 259176.550, 87
Trd, 259177.200, 109
Trd, 259177.600, 113
Trd, 259177.617, 108
Trd, 259177.700, 117
Trd, 259178.133, 95
Trd, 259178.767, 108
Trd, 259179.717, 106
Trd, 259180.033, 107
Trd, 259180.100, 100
Trd, 259180.383, 113
Trd, 259180.450, 94
Trd, 259181.600, 94
Trd, 259183.683, 96
Trd, 259184.067, 120
Trd, 259185.533, 91
Trd, 259186.000, 92
Trd, 259186.100, 95
Trd, 259186.233, 107
Trd, 259186.350, 109
Trd, 259187.267, 100
Trd, 259187.633, 93
Trd, 259187.933, 98
Trd, 259188.000, 100
Trd, 259189.800, 120
Trd, 259190.550, 125
Trd, 259190.867, 119
Trd, 259191.100, 103
Trd, 259191.467, 108
Trd, 259192.500, 101
Trd, 259192.783, 104
Trd, 259193.217, 101
Trd, 259194.083, 106
Trd, 259194.150, 100
Trd, 259194.217, 110
Trd, 259194.350, 93
Trd, 259194.917, 97
Trd, 259194.950, 102
Trd, 259195.467, 103
Trd, 259196.000, 96
Trd, 259196.933, 93
Trd, 259197.450, 112
Trd, 259197.467, 89
Trd, 259197.867, 92
Trd, 259199.383, 109
Trd, 259199.700, 97
