Trd, 258495.833, 96
Trd, 258496.050, 113
Trd, 258496.267, 121
Trd, 258496.633, 115
Trd, 258497.233, 110
Trd, 258497.350, 106
Trd, 258497.683, 114
Trd, 258497.700, 94
Trd, 258498.633, 89
Trd, 258498.783, 100
Trd, 258499.667, 99
Trd, 258499.850, 100
Trd, 258501.383, 81
Trd, 258501.400, 108
Trd, 258501.517, 80
Trd, 258501.767, 76
Trd, 258502.067, 82
Trd, 258502.800, 87
Trd, 258503.500, 104
Trd, 258503.833, 96
Trd, 258504.017, 113
Trd, 258505.250, 93
Trd, 258505.267, 92
Trd, 258505.533, 115
Trd, 258505.783, 118
Trd, 258505.967, 93
Trd, 258506.317, 92
Trd, 258506.433, 99
Trd, 258506.483, 104
Trd, 258506.900, 96
Trd, 258507.383, 112
Trd, 258507.750, 104
Trd, 258507.800, 108
Trd, 258508.133, 113
Trd, 258508.200, 101
Trd, 258508.483, 97
Trd, 258508.733, 79
Trd, 258510.217, 115
Trd, 258510.367, 103
Trd, 258511.800, 104
Trd, 258511.967, 100
Trd, 258512.000, 99
Trd, 258512.167, 96
Trd, 258512.417, 104
Trd, 258512.667, 92
Trd, 258512.867, 90
Trd, 258512.900, 84
Trd, 258513.367, 87
Trd, 258513.500, 90
Trd, 258514.767, 93
Trd, 258515.050, 83
Trd, 258515.267, 98
Trd, 258515.367, 89
Trd, 258515.667, 104
Trd, 258516.283, 82
Trd, 258517.750, 110
Trd, 258518.733, 98
Trd, 258519.133, 101
Trd, 258519.267, 106
Trd, 258519.450, 112
Trd, 258520.633, 109
Trd, 258520.667, 104
Trd, 258521.550, 100
Trd, 258521.617, 103
Trd, 258521.933, 104
Trd, 258522.067, 100
Trd, 258522.150, 93
Trd, 258522.317, 107
Trd, 258523.067, 100
Trd, 258523.817, 90
Trd, 258523.950, 94
Trd, 258523.967, 98
Trd, 258524.267, 89
Trd, 258524.283, 77
Trd, 258525.083, 98
Trd, 258525.733, 92
Trd, 258526.200, 103
Trd, 258527.150, 91
Trd, 258527.250, 107
Trd, 258528.000, 103
Trd, 258528.383, 108
Trd, 258528.400, 87
Trd, 258529.100, 84
Trd, 258529.217, 104
Trd, 258530.050, 86
Trd, 258530.483, 87
Trd, 258531.350, 95
Trd, 258532.033, 105
Trd, 258532.133, 94
Trd, 258532.250, 90
Trd, 258532.350, 112
Trd, 258532.967, 74
Trd, 258533.467, 117
Trd, 258533.800, 87
Trd, 258534.483, 94
Trd, 258534.917, 83
Trd, 258535.600, 107
Trd, 258536.000, 124
Trd, 258536.733, 110
Trd, 258536.833, 102
Trd, 258537.367, 112
Trd, 258537.450, 100
Trd, 258537.983, 94
Trd, 258538.350, 95
Trd, 258539.267, 90
Trd, 258539.750, 103
Trd, 258540.800, 102
Trd, 258542.233, 111
Trd, 258542.367, 113
Trd, 258542.383, 116
Trd, 258542.483, 100
Trd, 258542.783, 90
Trd, 258543.350, 95
Trd, 258543.750, 89
Trd, 258543.883, 103
Trd, 258543.967, 79
Trd, 258544.300, 105
Trd, 258544.933, 104
Trd, 258545.033, 107
Trd, 258545.150, 94
Trd, 258545.650, 117
Trd, 258545.717, 74
Trd, 258546.267, 115
Trd, 258546.450, 117
Trd, 258546.983, 88
Trd, 258547.150, 81
Trd, 258548.567, 110
Trd, 258548.683, 121
Trd, 258549.633, 103
Trd, 258549.717, 83
Trd, 258549.817, 84
Trd, 258549.833, 107
Trd, 258550.433, 79
Trd, 258550.933, 100
Trd, 258552.167, 87
Trd, 258552.433, 87
Trd, 258552.483, 90
Trd, 258552.500, 78
Trd, 258552.733, 104
Trd, 258553.433, 88
Trd, 258553.867, 117
Trd, 258554.117, 118
Trd, 258554.800, 98
Trd, 258554.933, 95
Trd, 258556.100, 112
Trd, 258557.117, 97
Trd, 258557.167, 104
Trd, 258557.950, 99
Trd, 258559.667, 109
Trd, 258560.117, 97
Trd, 258560.183, 112
Trd, 258560.200, 113
Trd, 258560.450, 103
Trd, 258560.717, 89
Trd, 258560.883, 92
Trd, 258561.983, 112
Trd, 258562.350, 104
Trd, 258562.633, 101
Trd, 258562.650, 114
Trd, 258562.767, 116
Trd, 258562.817, 93
Trd, 258564.300, 101
Trd, 258564.483, 100
Trd, 258564.517, 101
Trd, 258564.817, 87
Trd, 258565.117, 81
Trd, 258565.883, 91
Trd, 258566.033, 86
Trd, 258566.233, 95
Trd, 258566.867, 92
Trd, 258567.867, 93
Trd, 258568.467, 96
Trd, 258568.800, 105
Trd, 258569.450, 92
Trd, 258569.683, 115
Trd, 258570.033, 92
Trd, 258570.700, 88
Trd, 258570.867, 103
Trd, 258571.600, 101
Trd, 258571.817, 113
Trd, 258572.800, 116
Trd, 258573.483, 95
Trd, 258574.083, 93
Trd, 258574.533, 89
Trd, 258574.567, 98
Trd, 258576.333, 96
Trd, 258576.767, 88
Trd, 258576.800, 113
Trd, 258577.033, 81
Trd, 258577.517, 103
Trd, 258577.683, 99
Trd, 258577.833, 107
Trd, 258578.600, 104
Trd, 258579.917, 92
Trd, 258579.950, 92
Trd, 258580.033, 103
Trd, 258580.617, 91
Trd, 258580.633, 109
Trd, 258581.050, 77
Trd, 258581.917, 98
Trd, 258582.250, 92
Trd, 258582.317, 90
Trd, 258582.383, 100
Trd, 258582.867, 103
Trd, 258583.750, 100
Trd, 258583.800, 95
Trd, 258584.367, 101
Trd, 258584.667, 112
Trd, 258584.800, 86
Trd, 258585.450, 85
Trd, 258585.467, 73
Trd, 258585.717, 90
Trd, 258586.483, 94
Trd, 258586.567, 105
Trd, 258587.217, 95
Trd, 258587.617, 95
Trd, 258587.750, 95
Trd, 258588.533, 96
Trd, 258589.583, 106
Trd, 258590.100, 98
Trd, 258590.383, 115
Trd, 258591.017, 116
Trd, 258591.317, 94
Trd, 258591.500, 89
Trd, 258591.833, 84
Trd, 258592.117, 84
Trd, 258593.733, 91
Trd, 258593.867, 104
Trd, 258594.533, 93
Trd, 258594.817, 81
Trd, 258595.317, 110
Trd, 258595.683, 100
Trd, 258596.167, 96
Trd, 258596.767, 104
Trd, 258596.817, 85
Trd, 258597.483, 111
Trd, 258597.517, 113
Trd, 258597.883, 106
Trd, 258598.583, 100
Trd, 258598.667, 100
Trd, 258599.267, 99
Trd, 258599.317, 103
Trd, 258599.600, 116
Trd, 258600.217, 90
Trd, 258600.400, 90
Trd, 258600.417, 77
Trd, 258600.750, 87
Trd, 258601.550, 87
Trd, 258602.050, 113
Trd, 258602.717, 104
Trd, 258602.767, 76
Trd, 258603.033, 102
Trd, 258604.033, 77
Trd, 258604.183, 90
Trd, 258604.383, 100
Trd, 258605.217, 88
Trd, 258605.400, 104
Trd, 258605.650, 113
Trd, 258605.950, 98
Trd, 258606.483, 114
Trd, 258606.650, 110
Trd, 258607.050, 95
Trd, 258607.233, 82
Trd, 258609.217, 113
Trd, 258610.233, 116
Trd, 258610.683, 102
Trd, 258610.867, 91
Trd, 258611.083, 100
Trd, 258611.600, 106
Trd, 258611.767, 107
Trd, 258612.533, 121
Trd, 258613.000, 98
Trd, 258613.217, 89
Trd, 258614.150, 87
Trd, 258614.400, 98
Trd, 258614.433, 82
Trd, 258614.600, 101
Trd, 258614.733, 81
Trd, 258615.100, 83
Trd, 258615.317, 107
Trd, 258616.117, 103
Trd, 258616.267, 113
Trd, 258616.733, 136
Trd, 258617.483, 112
Trd, 258617.500, 101
Trd, 258618.483, 77
Trd, 258618.717, 114
Trd, 258618.983, 99
Trd, 258619.983, 97
Trd, 258620.133, 82
Trd, 258620.333, 116
Trd, 258620.400, 107
Trd, 258620.983, 116
Trd, 258621.133, 128
Trd, 258621.383, 117
Trd, 258622.033, 90
Trd, 258622.283, 80
Trd, 258623.183, 106
Trd, 258623.600, 94
Trd, 258624.400, 101
Trd, 258624.450, 114
Trd, 258624.650, 122
Trd, 258625.400, 105
Trd, 258626.300, 104
Trd, 258626.800, 97
Trd, 258627.183, 94
Trd, 258627.367, 100
Trd, 258627.433, 85
Trd, 258628.133, 91
Trd, 258628.517, 84
Trd, 258628.600, 79
Trd, 258629.333, 110
Trd, 258630.233, 120
Trd, 258630.667, 110
Trd, 258631.133, 115
Trd, 258631.483, 114
Trd, 258632.533, 131
Trd, 258632.867, 128
Trd, 258633.067, 112
Trd, 258633.817, 104
Trd, 258633.983, 105
Trd, 258635.133, 82
Trd, 258635.367, 91
Trd, 258635.633, 92
Trd, 258635.750, 112
Trd, 258636.233, 85
Trd, 258636.333, 109
Trd, 258636.433, 80
Trd, 258637.883, 106
Trd, 258638.217, 111
Trd, 258638.600, 111
Trd, 258638.850, 109
Trd, 258639.167, 114
Trd, 258639.950, 112
Trd, 258640.317, 92
Trd, 258641.517, 106
Trd, 258642.083, 100
Trd, 258644.050, 105
Trd, 258644.167, 93
Trd, 258644.383, 103
Trd, 258644.617, 107
Trd, 258644.633, 115
Trd, 258645.267, 108
Trd, 258645.683, 87
Trd, 258645.800, 108
Trd, 258646.283, 111
Trd, 258646.467, 88
Trd, 258646.550, 113
Trd, 258648.050, 86
Trd, 258648.117, 86
Trd, 258648.483, 108
Trd, 258649.050, 108
Trd, 258649.767, 108
Trd, 258650.350, 115
Trd, 258650.450, 97
Trd, 258650.567, 116
Trd, 258650.633, 126
Trd, 258650.717, 100
Trd, 258650.817, 97
Trd, 258651.933, 87
Trd, 258652.767, 94
Trd, 258653.067, 82
Trd, 258653.950, 92
Trd, 258654.167, 74
Trd, 258654.217, 116
Trd, 258654.250, 118
Trd, 258654.467, 107
Trd, 258655.400, 115
Trd, 258655.600, 134
Trd, 258656.100, 119
Trd, 258656.950, 88
Trd, 258658.000, 99
Trd, 258658.400, 105
Trd, 258658.567, 106
Trd, 258659.067, 82
Trd, 258659.433, 88
Trd, 258660.083, 84
Trd, 258660.150, 86
Trd, 258660.833, 87
Trd, 258660.967, 87
Trd, 258661.967, 110
Trd, 258662.750, 87
Trd, 258662.900, 100
Trd, 258663.200, 101
Trd, 258663.600, 86
Trd, 258664.000, 88
Trd, 258664.217, 112
Trd, 258664.350, 118
Trd, 258665.333, 99
Trd, 258665.617, 97
Trd, 258665.967, 108
Trd, 258667.650, 96
Trd, 258668.233, 96
Trd, 258668.267, 94
Trd, 258668.350, 87
Trd, 258668.900, 83
Trd, 258669.550, 100
Trd, 258669.700, 102
Trd, 258669.917, 95
Trd, 258670.700, 104
Trd, 258670.750, 94
Trd, 258670.783, 115
Trd, 258671.267, 115
Trd, 258672.917, 98
Trd, 258673.183, 90
Trd, 258673.317, 86
Trd, 258674.350, 84
Trd, 258674.433, 106
Trd, 258674.533, 113
Trd, 258675.017, 94
Trd, 258675.050, 101
Trd, 258675.183, 80
Trd, 258675.300, 112
Trd, 258675.350, 78
Trd, 258676.967, 91
Trd, 258677.183, 113
Trd, 258678.883, 107
Trd, 258679.583, 91
Trd, 258679.667, 90
Trd, 258680.250, 97
Trd, 258681.017, 113
Trd, 258681.067, 111
Trd, 258681.083, 105
Trd, 258681.183, 104
Trd, 258681.917, 89
Trd, 258682.333, 107
Trd, 258682.400, 105
Trd, 258683.883, 112
Trd, 258684.250, 108
Trd, 258684.917, 105
Trd, 258685.750, 117
Trd, 258685.767, 97
Trd, 258686.083, 106
Trd, 258686.117, 113
Trd, 258686.550, 102
Trd, 258686.883, 92
Trd, 258686.983, 83
Trd, 258687.183, 95
Trd, 258687.667, 88
Trd, 258688.583, 91
Trd, 258689.033, 90
Trd, 258689.183, 82
Trd, 258689.200, 73
Trd, 258690.133, 89
Trd, 258691.800, 101
Trd, 258692.050, 103
Trd, 258692.083, 93
Trd, 258692.433, 93
Trd, 258692.967, 98
Trd, 258693.083, 101
Trd, 258693.117, 112
Trd, 258693.200, 116
Trd, 258693.600, 87
Trd, 258694.767, 95
Trd, 258695.200, 93
Trd, 258696.033, 97
Trd, 258696.600, 87
Trd, 258697.000, 100
Trd, 258697.900, 112
Trd, 258698.017, 119
Trd, 258698.350, 101
Trd, 258698.633, 92
Trd, 258699.250, 83
Trd, 258699.567, 81
Trd, 258699.883, 97
Trd, 258700.583, 106
Trd, 258701.483, 87
Trd, 258701.583, 102
Trd, 258701.833, 105
Trd, 258702.450, 93
Trd, 258702.600, 92
Trd, 258703.000, 79
Trd, 258703.183, 104
Trd, 258703.367, 80
Trd, 258704.483, 97
Trd, 258704.750, 99
Trd, 258705.100, 109
Trd, 258705.400, 91
Trd, 258705.800, 106
Trd, 258706.267, 113
Trd, 258707.450, 101
Trd, 258707.483, 90
Trd, 258707.600, 105
Trd, 258708.483, 103
Trd, 258708.533, 102
Trd, 258709.050, 88
Trd, 258709.100, 89
Trd, 258709.150, 99
Trd, 258709.500, 109
Trd, 258709.800, 102
Trd, 258710.600, 94
Trd, 258711.217, 113
Trd, 258711.350, 94
Trd, 258711.600, 107
Trd, 258711.650, 94
Trd, 258711.767, 114
Trd, 258712.667, 106
Trd, 258712.967, 95
Trd, 258714.300, 104
Trd, 258714.683, 99
Trd, 258714.700, 97
Trd, 258715.200, 114
Trd, 258715.433, 115
Trd, 258715.483, 122
Trd, 258715.783, 102
Trd, 258718.017, 103
Trd, 258718.067, 112
Trd, 258718.217, 98
Trd, 258718.683, 108
Trd, 258718.983, 94
Trd, 258719.700, 108
Trd, 258720.000, 93
Trd, 258720.100, 105
Trd, 258721.067, 106
Trd, 258721.867, 90
Trd, 258722.167, 104
Trd, 258722.417, 107
Trd, 258722.733, 84
Trd, 258722.983, 84
Trd, 258723.000, 112
Trd, 258723.283, 84
Trd, 258724.817, 92
Trd, 258725.117, 98
Trd, 258725.400, 104
Trd, 258725.567, 100
Trd, 258726.333, 105
Trd, 258726.367, 104
Trd, 258727.267, 108
Trd, 258727.333, 113
Trd, 258728.417, 91
Trd, 258728.550, 96
Trd, 258728.900, 107
Trd, 258728.917, 103
Trd, 258729.567, 86
Trd, 258730.050, 91
Trd, 258730.767, 114
Trd, 258731.250, 109
Trd, 258731.500, 107
Trd, 258732.600, 98
Trd, 258732.717, 108
Trd, 258732.750, 92
Trd, 258734.133, 104
Trd, 258734.550, 92
Trd, 258734.567, 89
Trd, 258734.767, 115
Trd, 258734.883, 111
Trd, 258734.983, 80
Trd, 258735.883, 90
Trd, 258736.750, 88
Trd, 258737.350, 107
Trd, 258737.850, 111
Trd, 258738.950, 86
Trd, 258739.183, 87
Trd, 258739.317, 99
Trd, 258740.133, 92
Trd, 258740.783, 95
Trd, 258741.100, 95
Trd, 258741.567, 100
Trd, 258741.817, 116
Trd, 258742.550, 84
Trd, 258742.583, 93
Trd, 258743.033, 104
Trd, 258744.133, 101
Trd, 258744.467, 104
Trd, 258744.967, 90
Trd, 258745.083, 77
Trd, 258745.400, 88
Trd, 258745.517, 91
Trd, 258745.733, 79
Trd, 258746.850, 98
Trd, 258747.083, 114
Trd, 258747.133, 115
Trd, 258747.400, 87
Trd, 258747.733, 104
Trd, 258747.833, 83
Trd, 258747.867, 75
Trd, 258748.867, 99
Trd, 258749.900, 101
Trd, 258750.050, 96
Trd, 258750.800, 104
Trd, 258751.883, 94
Trd, 258751.967, 92
Trd, 258752.133, 100
Trd, 258752.150, 99
Trd, 258752.267, 98
Trd, 258752.350, 92
Trd, 258752.717, 97
Trd, 258752.833, 71
Trd, 258753.417, 115
Trd, 258753.483, 92
Trd, 258754.817, 95
Trd, 258755.183, 98
Trd, 258755.550, 88
Trd, 258756.033, 105
Trd, 258757.400, 113
Trd, 258757.483, 98
Trd, 258757.500, 97
Trd, 258758.033, 89
Trd, 258758.233, 112
Trd, 258759.917, 103
Trd, 258760.167, 106
Trd, 258760.633, 99
Trd, 258760.750, 95
Trd, 258761.167, 100
Trd, 258761.783, 104
Trd, 258761.867, 95
Trd, 258761.983, 94
Trd, 258762.100, 90
Trd, 258762.417, 88
Trd, 258762.683, 104
Trd, 258763.233, 80
Trd, 258763.683, 89
Trd, 258764.017, 96
Trd, 258764.517, 95
Trd, 258764.733, 112
Trd, 258765.383, 95
Trd, 258765.967, 98
Trd, 258766.600, 103
Trd, 258766.833, 99
Trd, 258767.317, 108
Trd, 258768.050, 109
Trd, 258768.400, 112
Trd, 258768.583, 121
Trd, 258768.650, 96
Trd, 258769.150, 108
Trd, 258769.917, 88
Trd, 258770.233, 122
Trd, 258770.783, 116
Trd, 258771.483, 106
Trd, 258771.867, 89
Trd, 258772.100, 88
Trd, 258772.667, 95
Trd, 258772.733, 96
Trd, 258773.300, 113
Trd, 258773.350, 89
Trd, 258774.883, 94
Trd, 258775.083, 114
Trd, 258775.650, 105
Trd, 258776.033, 94
Trd, 258776.483, 92
Trd, 258776.817, 88
Trd, 258777.150, 120
Trd, 258777.517, 88
Trd, 258777.883, 118
Trd, 258777.933, 83
Trd, 258779.100, 115
Trd, 258779.167, 115
Trd, 258779.750, 111
Trd, 258780.150, 97
Trd, 258781.450, 95
Trd, 258782.117, 81
Trd, 258782.333, 79
Trd, 258782.350, 109
Trd, 258782.433, 115
Trd, 258783.000, 94
Trd, 258783.467, 88
Trd, 258783.967, 110
Trd, 258784.017, 103
Trd, 258784.317, 134
Trd, 258784.533, 89
Trd, 258784.667, 112
Trd, 258785.000, 81
Trd, 258785.567, 94
Trd, 258786.800, 103
Trd, 258786.817, 92
Trd, 258787.700, 98
Trd, 258788.067, 83
Trd, 258788.933, 98
Trd, 258789.683, 83
Trd, 258789.933, 103
Trd, 258790.750, 103
Trd, 258791.650, 86
Trd, 258791.717, 101
Trd, 258791.867, 82
Trd, 258791.883, 105
Trd, 258792.167, 89
Trd, 258792.583, 83
Trd, 258793.483, 109
Trd, 258793.517, 113
Trd, 258793.850, 98
Trd, 258794.867, 98
Trd, 258795.017, 93
Trd, 258795.750, 90
Trd, 258796.350, 112
Trd, 258796.583, 102
Trd, 258797.217, 106
Trd, 258797.233, 126
Trd, 258797.467, 104
Trd, 258797.833, 119
Trd, 258797.967, 105
Trd, 258798.750, 108
Trd, 258798.917, 90
Trd, 258799.667, 101
Trd, 258799.817, 104
Trd, 258799.950, 95
Trd, 258800.217, 112
Trd, 258800.633, 99
Trd, 258801.117, 112
Trd, 258801.183, 84
Trd, 258801.750, 137
Trd, 258802.483, 92
Trd, 258802.533, 93
Trd, 258803.083, 82
Trd, 258803.500, 83
Trd, 258803.700, 81
Trd, 258804.767, 118
Trd, 258804.950, 88
Trd, 258805.967, 112
Trd, 258807.150, 120
Trd, 258807.217, 90
Trd, 258807.633, 94
Trd, 258807.733, 91
Trd, 258808.383, 110
Trd, 258808.650, 102
Trd, 258808.950, 89
Trd, 258809.333, 99
Trd, 258809.567, 117
Trd, 258809.983, 89
Trd, 258811.050, 78
Trd, 258811.833, 80
Trd, 258811.867, 87
Trd, 258812.433, 98
Trd, 258812.933, 101
Trd, 258813.050, 93
Trd, 258813.150, 81
Trd, 258813.183, 104
Trd, 258813.200, 105
Trd, 258813.667, 134
Trd, 258814.417, 112
Trd, 258815.567, 114
Trd, 258815.717, 106
Trd, 258815.767, 115
Trd, 258816.667, 110
Trd, 258816.983, 103
Trd, 258817.367, 103
Trd, 258817.867, 92
Trd, 258818.133, 110
Trd, 258818.183, 112
Trd, 258818.383, 109
Trd, 258818.767, 90
Trd, 258818.833, 77
Trd, 258820.067, 88
Trd, 258820.117, 104
Trd, 258820.467, 126
Trd, 258820.583, 85
Trd, 258821.333, 95
Trd, 258822.900, 104
Trd, 258822.917, 93
Trd, 258822.950, 93
Trd, 258822.967, 92
Trd, 258823.833, 98
Trd, 258824.100, 115
Trd, 258824.917, 137
Trd, 258825.183, 128
Trd, 258825.233, 127
Trd, 258825.883, 107
Trd, 258826.233, 102
Trd, 258826.583, 99
Trd, 258826.950, 86
Trd, 258827.017, 117
Trd, 258827.567, 94
Trd, 258827.683, 86
Trd, 258827.750, 95
Trd, 258827.800, 96
Trd, 258828.933, 88
Trd, 258829.733, 95
Trd, 258829.800, 103
Trd, 258830.167, 78
Trd, 258830.283, 73
Trd, 258831.067, 87
Trd, 258832.300, 97
Trd, 258833.183, 101
Trd, 258833.433, 105
Trd, 258833.583, 112
Trd, 258833.650, 96
Trd, 258834.000, 109
Trd, 258835.167, 112
Trd, 258835.367, 106
Trd, 258835.383, 116
Trd, 258835.417, 94
Trd, 258835.617, 96
Trd, 258837.300, 98
Trd, 258838.167, 112
Trd, 258838.500, 103
Trd, 258839.150, 108
Trd, 258839.233, 93
Trd, 258839.750, 112
Trd, 258839.967, 95
Trd, 258839.983, 106
Trd, 258840.100, 106
Trd, 258840.167, 93
Trd, 258840.567, 104
Trd, 258841.150, 91
Trd, 258841.233, 89
Trd, 258841.483, 98
Trd, 258841.800, 98
Trd, 258844.017, 111
Trd, 258844.250, 95
Trd, 258844.867, 91
Trd, 258844.883, 90
Trd, 258845.317, 109
Trd, 258846.133, 93
Trd, 258846.600, 112
Trd, 258846.667, 113
Trd, 258846.883, 89
Trd, 258847.383, 87
Trd, 258847.483, 90
Trd, 258848.067, 89
Trd, 258848.567, 104
Trd, 258848.800, 89
Trd, 258848.833, 91
Trd, 258851.500, 104
Trd, 258853.100, 106
Trd, 258853.917, 108
Trd, 258853.933, 101
Trd, 258854.117, 99
Trd, 258854.233, 98
Trd, 258854.333, 113
Trd, 258855.600, 113
Trd, 258855.767, 115
Trd, 258855.883, 98
Trd, 258855.933, 116
Trd, 258856.883, 118
Trd, 258856.950, 107
Trd, 258858.533, 114
Trd, 258858.567, 104
Trd, 258858.717, 120
Trd, 258858.733, 103
Trd, 258858.950, 90
Trd, 258860.450, 80
Trd, 258860.583, 88
Trd, 258861.767, 90
Trd, 258861.983, 83
Trd, 258862.567, 84
Trd, 258863.217, 101
Trd, 258863.683, 104
Trd, 258864.083, 80
Trd, 258864.117, 87
Trd, 258864.767, 110
Trd, 258864.867, 112
Trd, 258864.917, 98
Trd, 258865.217, 112
Trd, 258865.300, 122
Trd, 258865.900, 106
Trd, 258866.850, 99
Trd, 258866.883, 98
Trd, 258867.350, 93
Trd, 258868.067, 84
Trd, 258868.450, 100
Trd, 258868.500, 109
Trd, 258869.050, 82
Trd, 258869.117, 105
Trd, 258869.467, 109
Trd, 258869.917, 113
Trd, 258870.400, 108
Trd, 258870.833, 94
Trd, 258871.983, 99
Trd, 258873.300, 98
Trd, 258873.367, 97
Trd, 258873.383, 89
Trd, 258873.900, 103
Trd, 258873.917, 105
Trd, 258874.350, 107
Trd, 258874.683, 86
Trd, 258874.700, 91
Trd, 258875.333, 88
Trd, 258875.583, 108
Trd, 258877.100, 112
Trd, 258877.983, 102
Trd, 258878.000, 89
Trd, 258878.283, 115
Trd, 258878.533, 101
Trd, 258879.333, 91
Trd, 258879.367, 89
Trd, 258880.800, 97
Trd, 258881.067, 109
Trd, 258881.400, 116
Trd, 258881.833, 99
Trd, 258881.867, 96
Trd, 258881.967, 94
Trd, 258882.083, 94
Trd, 258882.117, 127
Trd, 258882.983, 115
Trd, 258884.367, 121
Trd, 258884.383, 131
Trd, 258884.550, 98
Trd, 258884.817, 106
Trd, 258886.750, 97
Trd, 258887.300, 94
Trd, 258887.333, 89
Trd, 258887.517, 97
Trd, 258887.767, 101
Trd, 258887.783, 101
Trd, 258888.233, 97
Trd, 258888.433, 115
Trd, 258889.883, 99
Trd, 258890.700, 87
Trd, 258891.100, 98
Trd, 258891.333, 103
Trd, 258892.133, 103
Trd, 258892.533, 113
Trd, 258893.317, 99
Trd, 258893.600, 97
Trd, 258893.617, 96
Trd, 258893.650, 115
Trd, 258894.017, 103
Trd, 258894.067, 86
Trd, 258895.267, 110
Trd, 258895.333, 92
Trd, 258896.167, 98
Trd, 258896.367, 94
Trd, 258897.267, 76
Trd, 258897.433, 89
Trd, 258897.467, 90
Trd, 258897.550, 80
Trd, 258898.350, 110
Trd, 258899.300, 103
Trd, 258899.850, 119
Trd, 258899.950, 101
Trd, 258900.067, 100
Trd, 258900.283, 95
Trd, 258900.767, 103
Trd, 258901.000, 98
Trd, 258901.017, 110
Trd, 258901.683, 80
Trd, 258901.867, 90
Trd, 258901.900, 118
Trd, 258902.567, 86
Trd, 258903.050, 87
Trd, 258903.283, 79
Trd, 258903.483, 103
Trd, 258904.017, 109
Trd, 258904.867, 96
Trd, 258905.183, 105
Trd, 258905.233, 113
Trd, 258905.350, 99
Trd, 258905.833, 82
Trd, 258905.883, 78
Trd, 258906.450, 87
Trd, 258906.783, 91
Trd, 258907.883, 103
Trd, 258908.367, 105
Trd, 258909.567, 102
Trd, 258909.667, 91
Trd, 258910.433, 92
Trd, 258911.100, 89
Trd, 258911.383, 111
Trd, 258911.567, 115
Trd, 258912.033, 92
Trd, 258912.233, 107
Trd, 258912.367, 91
Trd, 258912.633, 89
Trd, 258913.067, 110
Trd, 258913.567, 100
Trd, 258913.683, 115
Trd, 258914.517, 91
Trd, 258915.983, 101
Trd, 258916.267, 96
Trd, 258916.567, 90
Trd, 258917.517, 96
Trd, 258917.600, 101
Trd, 258917.617, 116
Trd, 258917.983, 96
Trd, 258918.167, 89
Trd, 258918.833, 98
Trd, 258919.417, 106
Trd, 258920.017, 106
Trd, 258920.817, 98
Trd, 258921.550, 101
Trd, 258921.967, 102
Trd, 258922.717, 91
Trd, 258923.067, 84
Trd, 258923.167, 106
Trd, 258923.217, 114
Trd, 258923.550, 86
Trd, 258924.317, 90
Trd, 258924.583, 74
Trd, 258925.183, 87
Trd, 258925.717, 98
Trd, 258926.583, 98
Trd, 258926.667, 93
Trd, 258926.783, 99
Trd, 258927.333, 116
Trd, 258927.533, 117
Trd, 258927.883, 115
Trd, 258927.933, 92
Trd, 258928.467, 94
Trd, 258928.933, 92
Trd, 258929.167, 81
Trd, 258929.183, 102
Trd, 258930.067, 114
Trd, 258930.183, 108
Trd, 258931.050, 103
Trd, 258931.717, 102
Trd, 258932.800, 105
Trd, 258933.683, 107
Trd, 258935.417, 106
Trd, 258935.583, 93
Trd, 258935.733, 112
Trd, 258935.800, 97
Trd, 258935.850, 112
Trd, 258935.883, 116
Trd, 258936.467, 109
Trd, 258937.450, 99
Trd, 258937.883, 97
Trd, 258938.167, 98
Trd, 258938.850, 115
Trd, 258939.067, 110
Trd, 258939.233, 93
Trd, 258939.433, 92
Trd, 258940.067, 104
Trd, 258940.883, 96
Trd, 258941.417, 105
Trd, 258941.800, 116
Trd, 258942.017, 114
Trd, 258942.233, 101
Trd, 258942.583, 94
Trd, 258942.983, 119
Trd, 258943.350, 100
Trd, 258944.000, 99
Trd, 258944.283, 108
Trd, 258945.233, 78
Trd, 258945.433, 92
Trd, 258945.600, 103
Trd, 258945.767, 104
Trd, 258946.717, 86
Trd, 258948.000, 112
Trd, 258948.317, 115
Trd, 258948.400, 90
Trd, 258948.667, 106
Trd, 258948.850, 113
Trd, 258949.617, 90
Trd, 258950.267, 96
Trd, 258950.983, 95
Trd, 258951.400, 106
Trd, 258951.517, 109
Trd, 258951.650, 115
Trd, 258952.350, 89
Trd, 258952.783, 85
Trd, 258952.933, 84
Trd, 258953.167, 98
Trd, 258953.400, 80
Trd, 258954.000, 106
Trd, 258954.367, 108
Trd, 258955.117, 96
Trd, 258955.317, 103
Trd, 258955.450, 109
Trd, 258955.650, 112
Trd, 258955.933, 95
Trd, 258955.983, 85
Trd, 258956.283, 106
Trd, 258956.667, 112
Trd, 258956.983, 102
Trd, 258957.567, 79
Trd, 258957.583, 77
Trd, 258958.617, 104
Trd, 258959.417, 89
Trd, 258959.633, 112
Trd, 258960.017, 75
Trd, 258961.133, 113
Trd, 258961.550, 96
Trd, 258961.617, 95
Trd, 258962.000, 89
Trd, 258962.650, 99
Trd, 258962.750, 104
Trd, 258963.450, 98
Trd, 258963.550, 114
Trd, 258964.400, 92
Trd, 258964.850, 114
Trd, 258964.950, 101
Trd, 258965.350, 92
Trd, 258966.267, 93
Trd, 258966.550, 90
Trd, 258966.900, 97
Trd, 258967.217, 100
Trd, 258967.250, 102
Trd, 258968.017, 83
Trd, 258968.383, 91
Trd, 258968.600, 89
Trd, 258968.783, 107
Trd, 258969.800, 87
Trd, 258970.100, 106
Trd, 258970.217, 112
Trd, 258970.300, 113
Trd, 258970.600, 117
Trd, 258972.767, 97
Trd, 258973.133, 95
Trd, 258974.133, 128
Trd, 258974.500, 112
Trd, 258974.917, 83
Trd, 258974.933, 103
Trd, 258975.300, 87
Trd, 258975.317, 107
Trd, 258975.350, 83
Trd, 258976.100, 112
Trd, 258976.567, 113
Trd, 258976.617, 116
Trd, 258977.250, 105
Trd, 258977.267, 128
Trd, 258977.300, 130
Trd, 258977.533, 100
Trd, 258978.750, 109
Trd, 258978.950, 88
Trd, 258979.233, 110
Trd, 258979.800, 107
Trd, 258980.433, 92
Trd, 258980.767, 96
Trd, 258981.583, 92
Trd, 258981.833, 107
Trd, 258982.017, 86
Trd, 258982.883, 112
Trd, 258983.733, 93
Trd, 258984.433, 97
Trd, 258984.500, 94
Trd, 258985.300, 108
Trd, 258985.867, 116
Trd, 258987.083, 98
Trd, 258987.250, 112
Trd, 258987.550, 97
Trd, 258987.617, 104
Trd, 258989.350, 137
Trd, 258989.683, 122
Trd, 258990.183, 94
Trd, 258990.800, 81
Trd, 258990.917, 117
Trd, 258990.933, 77
Trd, 258991.550, 78
Trd, 258992.183, 85
Trd, 258992.383, 88
Trd, 258993.050, 99
Trd, 258993.117, 111
Trd, 258993.550, 89
Trd, 258994.117, 87
Trd, 258994.900, 105
Trd, 258995.783, 99
Trd, 258995.850, 104
Trd, 258995.933, 111
Trd, 258995.983, 96
Trd, 258996.250, 89
Trd, 258996.583, 115
Trd, 258997.383, 102
Trd, 258998.067, 112
Trd, 258998.233, 94
Trd, 258998.850, 114
Trd, 258999.350, 84
Trd, 258999.800, 97
Trd, 259000.667, 127
Trd, 259000.733, 93
Trd, 259001.167, 103
Trd, 259001.250, 85
Trd, 259002.683, 99
Trd, 259003.867, 94
Trd, 259003.950, 95
Trd, 259003.967, 91
Trd, 259004.050, 91
Trd, 259004.433, 81
Trd, 259004.667, 90
Trd, 259004.983, 100
Trd, 259006.283, 104
Trd, 259006.500, 97
Trd, 259006.517, 97
Trd, 259007.200, 111
Trd, 259008.250, 102
Trd, 259008.300, 100
Trd, 259008.433, 104
Trd, 259008.567, 118
Trd, 259008.650, 90
Trd, 259008.883, 90
Trd, 259009.317, 101
Trd, 259009.567, 96
Trd, 259009.750, 114
Trd, 259010.400, 115
Trd, 259011.867, 107
Trd, 259012.317, 104
Trd, 259014.400, 103
Trd, 259014.467, 107
Trd, 259014.700, 113
Trd, 259014.867, 93
Trd, 259015.117, 93
Trd, 259015.283, 88
Trd, 259016.350, 90
Trd, 259016.783, 107
Trd, 259016.883, 107
Trd, 259016.917, 115
Trd, 259017.017, 122
Trd, 259017.133, 94
Trd, 259017.400, 106
Trd, 259017.767, 104
Trd, 259018.450, 80
Trd, 259019.183, 94
Trd, 259019.283, 75
Trd, 259020.200, 98
Trd, 259020.650, 99
Trd, 259020.900, 97
Trd, 259021.183, 95
Trd, 259021.500, 93
Trd, 259021.750, 77
Trd, 259021.883, 112
Trd, 259022.033, 98
Trd, 259022.700, 100
Trd, 259023.083, 101
Trd, 259024.350, 87
Trd, 259024.600, 97
Trd, 259024.617, 104
Trd, 259025.400, 128
Trd, 259026.383, 92
Trd, 259026.433, 90
Trd, 259027.433, 100
Trd, 259027.467, 119
Trd, 259027.500, 83
Trd, 259027.867, 84
Trd, 259028.483, 88
Trd, 259028.867, 103
Trd, 259028.933, 101
Trd, 259029.433, 102
Trd, 259030.117, 107
Trd, 259030.417, 90
Trd, 259030.433, 89
Trd, 259030.700, 104
Trd, 259031.917, 99
Trd, 259033.467, 94
Trd, 259033.617, 101
Trd, 259034.217, 103
Trd, 259034.483, 106
Trd, 259035.517, 86
Trd, 259035.650, 99
Trd, 259035.883, 93
Trd, 259035.900, 98
Trd, 259036.583, 104
Trd, 259037.700, 110
Trd, 259037.917, 83
Trd, 259038.033, 89
Trd, 259038.217, 112
Trd, 259038.500, 86
Trd, 259038.650, 115
Trd, 259039.017, 113
Trd, 259040.050, 98
Trd, 259040.383, 112
Trd, 259040.417, 88
Trd, 259040.483, 110
Trd, 259040.733, 114
Trd, 259040.783, 78
Trd, 259041.033, 115
Trd, 259041.283, 92
Trd, 259041.950, 84
Trd, 259041.967, 104
Trd, 259043.550, 102
Trd, 259044.367, 89
Trd, 259044.767, 102
Trd, 259044.950, 94
Trd, 259046.100, 108
Trd, 259046.517, 96
Trd, 259046.667, 90
Trd, 259047.283, 106
Trd, 259047.383, 113
Trd, 259048.417, 88
Trd, 259048.617, 90
Trd, 259048.883, 88
Trd, 259049.000, 105
Trd, 259049.017, 107
Trd, 259050.083, 91
Trd, 259050.433, 97
Trd, 259050.483, 89
Trd, 259050.717, 99
Trd, 259051.650, 87
Trd, 259052.550, 94
Trd, 259052.850, 117
Trd, 259053.600, 99
Trd, 259053.650, 96
Trd, 259053.717, 82
Trd, 259053.800, 104
Trd, 259053.867, 82
Trd, 259054.267, 79
Trd, 259054.500, 99
Trd, 259055.550, 101
Trd, 259055.733, 92
Trd, 259055.933, 91
Trd, 259057.033, 103
Trd, 259057.450, 92
Trd, 259057.733, 97
Trd, 259058.100, 100
Trd, 259059.367, 95
Trd, 259059.933, 108
Trd, 259060.333, 113
Trd, 259060.400, 110
Trd, 259060.900, 114
Trd, 259060.933, 117
Trd, 259061.000, 125
Trd, 259061.233, 108
Trd, 259061.283, 103
Trd, 259062.167, 100
Trd, 259062.183, 88
Trd, 259062.433, 111
Trd, 259064.200, 92
Trd, 259064.600, 103
Trd, 259065.017, 104
Trd, 259065.217, 97
Trd, 259065.433, 99
Trd, 259065.450, 89
Trd, 259065.700, 86
Trd, 259065.767, 81
Trd, 259065.933, 105
Trd, 259066.717, 87
Trd, 259067.850, 107
Trd, 259068.133, 98
Trd, 259068.200, 104
Trd, 259068.983, 98
Trd, 259069.500, 112
Trd, 259069.750, 97
Trd, 259070.117, 112
Trd, 259070.367, 108
Trd, 259071.500, 102
Trd, 259071.733, 118
Trd, 259071.783, 100
Trd, 259072.650, 100
Trd, 259072.900, 101
Trd, 259073.433, 94
Trd, 259073.833, 105
Trd, 259073.933, 98
Trd, 259074.517, 109
Trd, 259075.267, 98
Trd, 259076.517, 108
Trd, 259076.633, 101
Trd, 259076.950, 98
Trd, 259077.183, 111
Trd, 259077.483, 97
Trd, 259078.167, 96
Trd, 259078.350, 94
Trd, 259078.767, 110
Trd, 259078.983, 94
Trd, 259080.017, 115
Trd, 259080.300, 104
Trd, 259081.183, 99
Trd, 259082.067, 98
Trd, 259082.550, 103
Trd, 259083.600, 104
Trd, 259083.650, 91
Trd, 259083.733, 89
Trd, 259084.117, 102
Trd, 259084.750, 104
Trd, 259085.000, 113
Trd, 259085.200, 92
Trd, 259085.783, 116
Trd, 259085.933, 105
Trd, 259086.483, 91
Trd, 259086.650, 105
Trd, 259086.800, 116
Trd, 259087.567, 117
Trd, 259087.600, 105
Trd, 259088.633, 98
Trd, 259088.817, 98
Trd, 259089.367, 100
Trd, 259089.417, 112
Trd, 259089.467, 93
Trd, 259089.800, 113
Trd, 259090.167, 96
Trd, 259090.667, 105
Trd, 259091.083, 95
Trd, 259091.333, 116
Trd, 259091.533, 89
Trd, 259092.517, 89
Trd, 259092.983, 85
Trd, 259093.467, 87
Trd, 259093.933, 88
Trd, 259094.450, 87
Trd, 259094.817, 90
Trd, 259095.550, 86
Trd, 259096.550, 88
Trd, 259096.983, 100
Trd, 259097.283, 102
Trd, 259097.650, 99
Trd, 259098.200, 88
Trd, 259098.950, 83
Trd, 259099.133, 87
Trd, 259099.550, 98
Trd, 259099.817, 105
Trd, 259099.900, 114
Trd, 259100.233, 101
Trd, 259100.400, 111
Trd, 259100.433, 85
Trd, 259101.067, 84
Trd, 259101.200, 82
Trd, 259101.317, 98
Trd, 259102.200, 106
Trd, 259102.533, 109
Trd, 259103.083, 105
Trd, 259103.467, 95
Trd, 259104.250, 101
Trd, 259104.700, 105
Trd, 259104.917, 109
Trd, 259106.250, 102
Trd, 259106.483, 108
Trd, 259106.583, 113
Trd, 259106.650, 92
Trd, 259107.383, 107
Trd, 259107.783, 93
Trd, 259108.800, 106
Trd, 259109.117, 90
Trd, 259109.417, 108
Trd, 259110.417, 92
Trd, 259110.850, 92
Trd, 259111.550, 98
Trd, 259112.367, 97
Trd, 259112.433, 98
Trd, 259112.950, 105
Trd, 259113.200, 87
Trd, 259113.600, 112
Trd, 259113.850, 116
Trd, 259114.083, 114
Trd, 259114.900, 112
Trd, 259115.283, 103
Trd, 259115.667, 91
Trd, 259115.733, 112
Trd, 259116.350, 90
Trd, 259116.617, 114
Trd, 259117.883, 90
Trd, 259117.967, 100
Trd, 259119.117, 106
Trd, 259119.333, 95
Trd, 259119.350, 117
Trd, 259119.400, 87
Trd, 259119.500, 124
Trd, 259119.517, 80
Trd, 259120.767, 73
Trd, 259121.000, 118
Trd, 259121.667, 113
Trd, 259122.067, 127
Trd, 259122.333, 104
Trd, 259122.650, 103
Trd, 259122.950, 97
Trd, 259123.117, 107
Trd, 259123.483, 94
Trd, 259124.600, 91
Trd, 259124.867, 89
Trd, 259124.900, 108
Trd, 259126.167, 99
Trd, 259126.233, 88
Trd, 259126.817, 103
Trd, 259127.850, 103
Trd, 259127.867, 104
Trd, 259128.117, 86
Trd, 259128.833, 103
Trd, 259129.217, 95
Trd, 259129.400, 99
Trd, 259130.200, 99
Trd, 259130.783, 104
Trd, 259131.817, 101
Trd, 259133.650, 82
Trd, 259133.833, 106
Trd, 259134.417, 115
Trd, 259134.500, 108
Trd, 259134.700, 88
Trd, 259135.550, 90
Trd, 259135.950, 91
Trd, 259136.750, 104
Trd, 259137.183, 91
Trd, 259137.550, 86
Trd, 259138.000, 99
Trd, 259138.433, 107
Trd, 259138.833, 84
Trd, 259139.483, 119
Trd, 259139.767, 123
Trd, 259140.433, 99
Trd, 259141.683, 110
Trd, 259142.067, 111
Trd, 259142.150, 113
Trd, 259142.800, 103
Trd, 259143.400, 95
Trd, 259143.550, 107
Trd, 259143.917, 113
Trd, 259144.583, 105
Trd, 259145.150, 103
Trd, 259145.517, 84
Trd, 259146.217, 92
Trd, 259146.417, 73
Trd, 259147.500, 89
Trd, 259147.517, 95
Trd, 259147.600, 103
Trd, 259148.100, 104
Trd, 259148.383, 114
Trd, 259148.717, 104
Trd, 259149.550, 107
Trd, 259149.683, 109
Trd, 259150.150, 102
Trd, 259150.967, 95
Trd, 259151.617, 87
Trd, 259151.650, 113
Trd, 259152.983, 98
Trd, 259153.683, 89
Trd, 259154.450, 97
Trd, 259154.700, 99
Trd, 259155.017, 101
Trd, 259155.283, 108
Trd, 259156.050, 95
Trd, 259156.400, 97
Trd, 259158.417, 98
Trd, 259158.433, 99
Trd, 259159.367, 105
Trd, 259159.600, 86
Trd, 259159.817, 85
Trd, 259160.067, 106
Trd, 259160.150, 95
Trd, 259160.167, 113
Trd, 259160.400, 111
Trd, 259160.683, 106
Trd, 259160.850, 102
Trd, 259161.067, 102
Trd, 259161.483, 112
Trd, 259162.200, 97
Trd, 259162.650, 89
Trd, 259163.817, 93
Trd, 259164.483, 97
Trd, 259164.517, 98
Trd, 259165.000, 107
Trd, 259165.267, 108
Trd, 259165.317, 101
Trd, 259166.083, 91
Trd, 259166.283, 87
Trd, 259167.533, 106
Trd, 259167.717, 100
Trd, 259167.783, 95
Trd, 259169.000, 109
Trd, 259169.417, 81
Trd, 259169.550, 90
Trd, 259170.400, 98
Trd, 259170.783, 96
Trd, 259170.850, 97
Trd, 259171.133, 114
Trd, 259171.350, 113
Trd, 259171.867, 116
Trd, 259171.900, 113
Trd, 259172.017, 99
Trd, 259173.667, 121
Trd, 259174.250, 100
Trd, 259174.450, 102
Trd, 259174.750, 101
Trd, 259175.483, 98
Trd, 259175.867, 87
Trd, 259176.083, 82
Trd, 259176.483, 99
Trd, 259177.433, 111
Trd, 259178.467, 106
Trd, 259178.483, 107
Trd, 259179.450, 99
Trd, 259179.467, 96
Trd, 259179.517, 92
Trd, 259179.600, 98
Trd, 259180.067, 104
Trd, 259180.350, 112
Trd, 259180.783, 102
Trd, 259181.533, 100
Trd, 259181.683, 113
Trd, 259181.983, 93
Trd, 259182.633, 89
Trd, 259184.233, 90
Trd, 259184.300, 91
Trd, 259184.600, 87
Trd, 259184.633, 100
Trd, 259185.000, 116
Trd, 259185.233, 107
Trd, 259185.817, 117
Trd, 259185.850, 116
Trd, 259185.917, 104
Trd, 259186.117, 92
Trd, 259186.433, 114
Trd, 259187.917, 104
Trd, 259188.350, 103
Trd, 259188.900, 93
Trd, 259189.117, 88
Trd, 259189.783, 87
Trd, 259189.967, 103
Trd, 259190.050, 104
Trd, 259190.300, 87
Trd, 259190.717, 113
Trd, 259191.217, 92
Trd, 259191.533, 97
Trd, 259191.950, 81
Trd, 259192.367, 99
Trd, 259193.517, 123
Trd, 259194.867, 106
Trd, 259194.900, 115
Trd, 259194.933, 102
Trd, 259195.200, 91
Trd, 259195.967, 97
Trd, 259196.017, 92
Trd, 259196.267, 91
Trd, 259196.700, 98
Trd, 259198.000, 96
Trd, 259198.833, 90
Trd, 259198.867, 109
Trd, 259199.717, 86
