Trd, 258473.667, 99
Trd, 258473.867, 96
Trd, 258474.033, 112
Trd, 258474.733, 117
Trd, 258474.983, 104
Trd, 258475.900, 106
Trd, 258476.617, 123
Trd, 258477.650, 117
Trd, 258478.800, 117
Trd, 258479.033, 113
Trd, 258479.700, 116
Trd, 258479.983, 104
Trd, 258480.833, 103
Trd, 258481.750, 106
Trd, 258481.867, 103
Trd, 258482.100, 98
Trd, 258482.233, 94
Trd, 258482.383, 106
Trd, 258482.567, 108
Trd, 258482.683, 90
Trd, 258483.217, 100
Trd, 258483.800, 114
Trd, 258483.983, 114
Trd, 258485.133, 91
Trd, 258486.217, 98
Trd, 258486.617, 91
Trd, 258487.033, 115
Trd, 258487.500, 123
Trd, 258487.617, 109
Trd, 258487.750, 97
Trd, 258489.883, 94
Trd, 258490.400, 99
Trd, 258490.433, 107
Trd, 258491.067, 108
Trd, 258491.267, 108
Trd, 258491.700, 114
Trd, 258491.967, 115
Trd, 258492.083, 115
Trd, 258492.517, 106
Trd, 258492.733, 102
Trd, 258492.967, 96
Trd, 258493.133, 112
Trd, 258493.633, 101
Trd, 258493.917, 96
Trd, 258495.733, 93
Trd, 258495.850, 95
Trd, 258495.883, 110
Trd, 258496.083, 122
Trd, 258496.750, 112
Trd, 258497.283, 104
Trd, 258497.950, 96
Trd, 258498.300, 117
Trd, 258498.583, 93
Trd, 258498.617, 85
Trd, 258499.267, 107
Trd, 258500.133, 116
Trd, 258501.717, 104
Trd, 258502.633, 124
Trd, 258502.683, 125
Trd, 258503.050, 121
Trd, 258503.450, 117
Trd, 258503.533, 118
Trd, 258503.667, 98
Trd, 258504.250, 104
Trd, 258504.783, 102
Trd, 258505.950, 107
Trd, 258506.233, 96
Trd, 258506.467, 108
Trd, 258506.550, 90
Trd, 258506.717, 99
Trd, 258507.000, 111
Trd, 258508.017, 117
Trd, 258509.250, 121
Trd, 258510.050, 120
Trd, 258510.150, 119
Trd, 258510.383, 123
Trd, 258511.500, 121
Trd, 258511.800, 112
Trd, 258513.150, 107
Trd, 258513.333, 121
Trd, 258514.050, 103
Trd, 258514.183, 117
Trd, 258515.383, 107
Trd, 258515.417, 98
Trd, 258515.567, 89
Trd, 258515.817, 115
Trd, 258516.933, 114
Trd, 258516.983, 108
Trd, 258517.450, 105
Trd, 258517.633, 117
Trd, 258518.450, 118
Trd, 258518.817, 103
Trd, 258520.217, 93
Trd, 258520.517, 98
Trd, 258520.950, 90
Trd, 258521.033, 96
Trd, 258521.050, 109
Trd, 258521.317, 113
Trd, 258522.550, 96
Trd, 258522.733, 97
Trd, 258523.117, 119
Trd, 258524.400, 123
Trd, 258524.833, 127
Trd, 258525.250, 96
Trd, 258525.850, 113
Trd, 258526.100, 117
Trd, 258526.200, 109
Trd, 258526.833, 102
Trd, 258526.950, 111
Trd, 258527.650, 99
Trd, 258528.067, 96
Trd, 258528.317, 106
Trd, 258528.617, 93
Trd, 258529.783, 102
Trd, 258531.100, 92
Trd, 258531.150, 97
Trd, 258531.600, 108
Trd, 258532.083, 102
Trd, 258532.250, 101
Trd, 258532.733, 98
Trd, 258534.833, 97
Trd, 258535.217, 106
Trd, 258535.933, 104
Trd, 258536.400, 113
Trd, 258536.800, 105
Trd, 258536.833, 100
Trd, 258538.100, 104
Trd, 258538.350, 102
Trd, 258538.650, 110
Trd, 258538.700, 114
Trd, 258539.333, 104
Trd, 258539.500, 123
Trd, 258540.250, 117
Trd, 258540.950, 102
Trd, 258541.833, 119
Trd, 258541.983, 114
Trd, 258543.433, 93
Trd, 258544.083, 94
Trd, 258544.600, 102
Trd, 258544.683, 98
Trd, 258544.917, 97
Trd, 258545.017, 92
Trd, 258545.367, 110
Trd, 258545.533, 129
Trd, 258545.700, 90
Trd, 258546.600, 132
Trd, 258547.417, 112
Trd, 258547.900, 104
Trd, 258548.500, 109
Trd, 258548.933, 104
Trd, 258549.033, 97
Trd, 258549.700, 93
Trd, 258550.900, 93
Trd, 258551.650, 104
Trd, 258551.883, 119
Trd, 258552.183, 102
Trd, 258552.200, 101
Trd, 258552.950, 122
Trd, 258553.283, 102
Trd, 258554.450, 114
Trd, 258554.900, 117
Trd, 258554.933, 101
Trd, 258555.683, 92
Trd, 258556.250, 93
Trd, 258557.017, 99
Trd, 258557.467, 118
Trd, 258558.000, 121
Trd, 258558.433, 121
Trd, 258558.700, 97
Trd, 258559.267, 100
Trd, 258559.283, 114
Trd, 258559.600, 92
Trd, 258560.233, 116
Trd, 258561.417, 104
Trd, 258561.517, 98
Trd, 258563.250, 109
Trd, 258563.400, 118
Trd, 258563.800, 103
Trd, 258563.883, 98
Trd, 258564.183, 108
Trd, 258564.200, 123
Trd, 258565.333, 120
Trd, 258565.450, 110
Trd, 258565.700, 111
Trd, 258566.483, 90
Trd, 258567.050, 93
Trd, 258567.233, 96
Trd, 258568.333, 115
Trd, 258569.050, 111
Trd, 258570.667, 93
Trd, 258571.250, 94
Trd, 258572.100, 95
Trd, 258572.283, 98
Trd, 258572.683, 93
Trd, 258572.967, 99
Trd, 258573.550, 90
Trd, 258573.833, 97
Trd, 258574.867, 90
Trd, 258575.117, 96
Trd, 258575.400, 82
Trd, 258575.767, 93
Trd, 258576.833, 95
Trd, 258577.133, 95
Trd, 258577.533, 91
Trd, 258578.100, 98
Trd, 258580.017, 107
Trd, 258580.667, 104
Trd, 258580.817, 117
Trd, 258580.917, 102
Trd, 258581.167, 98
Trd, 258581.533, 102
Trd, 258582.000, 99
Trd, 258582.683, 94
Trd, 258582.783, 89
Trd, 258583.033, 87
Trd, 258583.133, 105
Trd, 258583.183, 109
Trd, 258584.300, 95
Trd, 258584.850, 91
Trd, 258585.450, 121
Trd, 258585.650, 104
Trd, 258586.283, 102
Trd, 258586.550, 122
Trd, 258586.917, 99
Trd, 258586.967, 117
Trd, 258588.467, 94
Trd, 258588.667, 99
Trd, 258589.067, 111
Trd, 258589.783, 106
Trd, 258589.833, 106
Trd, 258590.433, 100
Trd, 258591.000, 102
Trd, 258591.200, 131
Trd, 258592.183, 106
Trd, 258592.267, 114
Trd, 258592.967, 104
Trd, 258593.083, 103
Trd, 258593.400, 98
Trd, 258593.550, 97
Trd, 258593.733, 115
Trd, 258594.267, 90
Trd, 258594.850, 87
Trd, 258595.750, 123
Trd, 258596.067, 112
Trd, 258596.233, 116
Trd, 258596.383, 104
Trd, 258597.717, 110
Trd, 258598.400, 91
Trd, 258599.083, 98
Trd, 258600.783, 90
Trd, 258600.850, 93
Trd, 258601.517, 103
Trd, 258602.250, 114
Trd, 258602.383, 96
Trd, 258602.433, 95
Trd, 258603.633, 106
Trd, 258604.167, 98
Trd, 258604.417, 107
Trd, 258604.483, 102
Trd, 258605.300, 105
Trd, 258607.383, 118
Trd, 258608.333, 117
Trd, 258608.700, 109
Trd, 258609.400, 104
Trd, 258610.317, 102
Trd, 258610.383, 95
Trd, 258610.933, 105
Trd, 258611.517, 92
Trd, 258612.300, 93
Trd, 258612.483, 103
Trd, 258613.167, 108
Trd, 258613.367, 91
Trd, 258613.700, 103
Trd, 258614.033, 99
Trd, 258615.200, 101
Trd, 258616.100, 102
Trd, 258616.567, 101
Trd, 258617.250, 103
Trd, 258617.450, 107
Trd, 258617.583, 119
Trd, 258617.967, 104
Trd, 258618.450, 101
Trd, 258619.400, 90
Trd, 258619.617, 93
Trd, 258620.000, 94
Trd, 258620.750, 108
Trd, 258620.933, 89
Trd, 258621.250, 100
Trd, 258622.483, 88
Trd, 258623.033, 96
Trd, 258623.267, 100
Trd, 258623.700, 111
Trd, 258623.833, 121
Trd, 258625.200, 121
Trd, 258625.617, 121
Trd, 258626.217, 120
Trd, 258626.717, 114
Trd, 258626.967, 115
Trd, 258627.167, 117
Trd, 258628.267, 104
Trd, 258628.817, 98
Trd, 258629.650, 104
Trd, 258630.133, 102
Trd, 258630.450, 94
Trd, 258631.333, 116
Trd, 258631.883, 131
Trd, 258632.100, 110
Trd, 258632.200, 104
Trd, 258633.033, 112
Trd, 258633.300, 109
Trd, 258634.867, 97
Trd, 258635.033, 123
Trd, 258635.883, 95
Trd, 258636.583, 109
Trd, 258636.617, 105
Trd, 258637.117, 109
Trd, 258637.633, 109
Trd, 258637.683, 88
Trd, 258638.533, 97
Trd, 258639.233, 96
Trd, 258640.250, 104
Trd, 258640.483, 104
Trd, 258640.833, 112
Trd, 258642.883, 103
Trd, 258643.133, 100
Trd, 258643.800, 103
Trd, 258644.133, 95
Trd, 258644.300, 94
Trd, 258644.833, 91
Trd, 258645.267, 90
Trd, 258645.800, 108
Trd, 258646.183, 94
Trd, 258646.233, 110
Trd, 258647.833, 117
Trd, 258647.883, 93
Trd, 258648.233, 97
Trd, 258648.867, 104
Trd, 258649.033, 114
Trd, 258649.150, 105
Trd, 258649.800, 92
Trd, 258650.500, 117
Trd, 258652.067, 104
Trd, 258652.317, 102
Trd, 258652.333, 107
Trd, 258652.367, 120
Trd, 258653.650, 99
Trd, 258653.750, 95
Trd, 258654.617, 104
Trd, 258655.433, 94
Trd, 258655.733, 92
Trd, 258655.900, 98
Trd, 258656.083, 96
Trd, 258656.450, 101
Trd, 258657.933, 95
Trd, 258658.133, 99
Trd, 258659.250, 104
Trd, 258659.317, 105
Trd, 258659.800, 117
Trd, 258660.050, 90
Trd, 258660.950, 95
Trd, 258661.150, 122
Trd, 258662.033, 112
Trd, 258662.367, 111
Trd, 258662.433, 100
Trd, 258663.183, 104
Trd, 258663.517, 97
Trd, 258663.650, 92
Trd, 258664.217, 92
Trd, 258664.533, 114
Trd, 258665.883, 121
Trd, 258666.800, 99
Trd, 258667.217, 97
Trd, 258668.250, 112
Trd, 258668.767, 116
Trd, 258668.783, 123
Trd, 258669.167, 105
Trd, 258669.617, 110
Trd, 258671.167, 109
Trd, 258671.200, 108
Trd, 258671.800, 104
Trd, 258672.067, 105
Trd, 258672.717, 110
Trd, 258673.917, 119
Trd, 258674.283, 117
Trd, 258674.950, 114
Trd, 258675.200, 98
Trd, 258675.717, 111
Trd, 258676.150, 108
Trd, 258676.617, 114
Trd, 258676.950, 115
Trd, 258678.083, 108
Trd, 258679.500, 104
Trd, 258681.333, 113
Trd, 258681.500, 113
Trd, 258681.617, 118
Trd, 258681.983, 94
Trd, 258682.917, 103
Trd, 258683.117, 98
Trd, 258683.967, 115
Trd, 258684.400, 126
Trd, 258685.300, 109
Trd, 258686.167, 121
Trd, 258686.733, 106
Trd, 258687.883, 121
Trd, 258688.667, 112
Trd, 258688.883, 104
Trd, 258689.233, 98
Trd, 258690.850, 121
Trd, 258691.483, 126
Trd, 258692.083, 104
Trd, 258692.383, 103
Trd, 258692.833, 112
Trd, 258693.200, 100
Trd, 258693.367, 114
Trd, 258693.750, 103
Trd, 258694.067, 115
Trd, 258694.283, 116
Trd, 258694.483, 100
Trd, 258694.567, 92
Trd, 258696.433, 92
Trd, 258697.183, 112
Trd, 258697.250, 90
Trd, 258697.600, 89
Trd, 258698.200, 91
Trd, 258698.350, 94
Trd, 258699.250, 106
Trd, 258699.967, 102
Trd, 258700.633, 100
Trd, 258700.833, 98
Trd, 258701.767, 109
Trd, 258702.383, 86
Trd, 258702.733, 89
Trd, 258702.983, 113
Trd, 258705.083, 115
Trd, 258705.600, 116
Trd, 258705.700, 99
Trd, 258707.317, 108
Trd, 258708.183, 120
Trd, 258708.633, 120
Trd, 258709.050, 112
Trd, 258709.383, 113
Trd, 258710.367, 122
Trd, 258710.733, 101
Trd, 258711.367, 108
Trd, 258711.650, 114
Trd, 258711.900, 104
Trd, 258711.917, 101
Trd, 258712.617, 117
Trd, 258713.233, 103
Trd, 258713.317, 103
Trd, 258713.667, 95
Trd, 258713.867, 90
Trd, 258714.517, 89
Trd, 258714.600, 116
Trd, 258715.000, 119
Trd, 258716.300, 114
Trd, 258716.333, 114
Trd, 258718.483, 115
Trd, 258718.767, 104
Trd, 258719.083, 96
Trd, 258720.467, 103
Trd, 258720.650, 80
Trd, 258720.950, 111
Trd, 258721.750, 112
Trd, 258722.600, 122
Trd, 258722.733, 112
Trd, 258723.000, 111
Trd, 258723.167, 105
Trd, 258723.633, 103
Trd, 258723.717, 98
Trd, 258724.350, 113
Trd, 258725.117, 94
Trd, 258725.617, 114
Trd, 258726.317, 93
Trd, 258727.450, 127
Trd, 258727.783, 115
Trd, 258728.617, 106
Trd, 258728.917, 104
Trd, 258729.067, 96
Trd, 258729.617, 106
Trd, 258730.317, 123
Trd, 258731.383, 114
Trd, 258732.150, 104
Trd, 258732.567, 119
Trd, 258733.850, 111
Trd, 258734.683, 98
Trd, 258735.517, 92
Trd, 258735.850, 96
Trd, 258736.517, 118
Trd, 258736.567, 105
Trd, 258736.650, 104
Trd, 258736.733, 116
Trd, 258738.100, 99
Trd, 258738.383, 97
Trd, 258738.533, 90
Trd, 258739.317, 106
Trd, 258739.417, 111
Trd, 258739.900, 112
Trd, 258741.117, 114
Trd, 258741.733, 113
Trd, 258742.000, 102
Trd, 258742.517, 110
Trd, 258743.133, 119
Trd, 258743.700, 92
Trd, 258743.867, 93
Trd, 258744.817, 118
Trd, 258745.167, 93
Trd, 258745.383, 91
Trd, 258747.267, 105
Trd, 258747.517, 104
Trd, 258748.433, 94
Trd, 258748.467, 112
Trd, 258748.533, 122
Trd, 258751.050, 102
Trd, 258751.350, 97
Trd, 258751.417, 102
Trd, 258752.317, 107
Trd, 258752.483, 105
Trd, 258752.500, 98
Trd, 258753.050, 109
Trd, 258754.033, 99
Trd, 258754.950, 109
Trd, 258755.033, 106
Trd, 258756.033, 107
Trd, 258757.617, 109
Trd, 258757.883, 111
Trd, 258757.917, 104
Trd, 258758.767, 123
Trd, 258758.933, 104
Trd, 258759.317, 100
Trd, 258759.633, 116
Trd, 258760.050, 95
Trd, 258761.367, 101
Trd, 258761.600, 96
Trd, 258761.800, 92
Trd, 258761.950, 93
Trd, 258762.817, 100
Trd, 258763.517, 91
Trd, 258763.767, 97
Trd, 258764.050, 109
Trd, 258764.533, 104
Trd, 258764.667, 95
Trd, 258764.783, 108
Trd, 258765.683, 108
Trd, 258765.733, 92
Trd, 258766.400, 93
Trd, 258766.867, 110
Trd, 258767.817, 113
Trd, 258767.833, 103
Trd, 258769.083, 93
Trd, 258769.267, 100
Trd, 258769.483, 100
Trd, 258771.133, 94
Trd, 258771.433, 93
Trd, 258772.833, 99
Trd, 258774.067, 96
Trd, 258774.150, 104
Trd, 258775.667, 104
Trd, 258775.883, 106
Trd, 258775.967, 109
Trd, 258776.733, 109
Trd, 258777.217, 107
Trd, 258777.683, 104
Trd, 258779.933, 102
Trd, 258780.750, 118
Trd, 258780.967, 123
Trd, 258782.183, 117
Trd, 258782.533, 118
Trd, 258782.583, 116
Trd, 258782.867, 115
Trd, 258783.467, 108
Trd, 258784.483, 99
Trd, 258785.000, 110
Trd, 258785.383, 102
Trd, 258786.267, 112
Trd, 258786.750, 103
Trd, 258787.800, 103
Trd, 258788.200, 102
Trd, 258788.350, 93
Trd, 258788.833, 122
Trd, 258790.283, 118
Trd, 258790.417, 110
Trd, 258791.417, 105
Trd, 258791.733, 110
Trd, 258793.100, 104
Trd, 258793.800, 117
Trd, 258794.467, 114
Trd, 258794.817, 109
Trd, 258795.017, 129
Trd, 258795.167, 92
Trd, 258796.617, 94
Trd, 258796.883, 101
Trd, 258797.367, 123
Trd, 258797.717, 117
Trd, 258798.533, 115
Trd, 258799.650, 110
Trd, 258799.717, 109
Trd, 258799.750, 109
Trd, 258799.917, 107
Trd, 258800.717, 101
Trd, 258801.000, 101
Trd, 258801.867, 104
Trd, 258801.917, 112
Trd, 258802.267, 116
Trd, 258802.650, 100
Trd, 258804.317, 118
Trd, 258805.083, 118
Trd, 258805.133, 114
Trd, 258806.150, 115
Trd, 258806.933, 106
Trd, 258807.100, 107
Trd, 258807.133, 104
Trd, 258807.183, 98
Trd, 258807.317, 108
Trd, 258808.100, 116
Trd, 258808.267, 88
Trd, 258809.700, 108
Trd, 258809.967, 85
Trd, 258811.233, 117
Trd, 258811.500, 89
Trd, 258811.833, 118
Trd, 258812.050, 116
Trd, 258813.183, 93
Trd, 258813.550, 104
Trd, 258813.933, 102
Trd, 258816.250, 108
Trd, 258816.750, 110
Trd, 258817.283, 131
Trd, 258817.900, 104
Trd, 258817.917, 105
Trd, 258818.800, 116
Trd, 258819.383, 106
Trd, 258819.733, 106
Trd, 258820.083, 114
Trd, 258820.283, 117
Trd, 258820.533, 107
Trd, 258820.933, 100
Trd, 258821.950, 93
Trd, 258822.350, 113
Trd, 258823.283, 103
Trd, 258823.400, 120
Trd, 258824.100, 113
Trd, 258824.683, 104
Trd, 258824.950, 118
Trd, 258825.467, 91
Trd, 258825.983, 92
Trd, 258826.817, 97
Trd, 258828.583, 118
Trd, 258828.867, 116
Trd, 258828.900, 116
Trd, 258829.250, 120
Trd, 258829.333, 102
Trd, 258829.350, 98
Trd, 258829.550, 106
Trd, 258831.183, 105
Trd, 258831.600, 120
Trd, 258832.483, 104
Trd, 258833.917, 103
Trd, 258833.967, 106
Trd, 258834.000, 111
Trd, 258834.150, 117
Trd, 258834.233, 98
Trd, 258834.817, 109
Trd, 258836.800, 101
Trd, 258837.950, 102
Trd, 258838.117, 101
Trd, 258838.317, 98
Trd, 258838.750, 112
Trd, 258839.083, 123
Trd, 258839.467, 98
Trd, 258839.817, 92
Trd, 258840.750, 103
Trd, 258841.333, 104
Trd, 258841.950, 110
Trd, 258842.483, 119
Trd, 258843.250, 117
Trd, 258843.300, 121
Trd, 258843.600, 116
Trd, 258844.917, 113
Trd, 258845.133, 107
Trd, 258845.767, 110
Trd, 258845.850, 110
Trd, 258847.167, 116
Trd, 258847.300, 115
Trd, 258847.400, 126
Trd, 258847.800, 131
Trd, 258848.050, 102
Trd, 258848.400, 114
Trd, 258848.650, 98
Trd, 258849.250, 95
Trd, 258850.467, 93
Trd, 258850.517, 101
Trd, 258851.050, 124
Trd, 258851.967, 119
Trd, 258852.567, 119
Trd, 258852.617, 114
Trd, 258854.017, 104
Trd, 258854.117, 106
Trd, 258854.167, 106
Trd, 258855.000, 116
Trd, 258855.017, 119
Trd, 258855.333, 98
Trd, 258855.817, 89
Trd, 258855.900, 123
Trd, 258856.117, 96
Trd, 258856.583, 102
Trd, 258857.900, 115
Trd, 258858.333, 96
Trd, 258859.367, 96
Trd, 258859.467, 94
Trd, 258859.833, 109
Trd, 258860.033, 115
Trd, 258860.100, 118
Trd, 258860.950, 94
Trd, 258861.517, 90
Trd, 258862.300, 96
Trd, 258863.050, 99
Trd, 258863.683, 91
Trd, 258864.383, 96
Trd, 258865.550, 112
Trd, 258866.083, 90
Trd, 258866.433, 98
Trd, 258866.650, 123
Trd, 258867.383, 108
Trd, 258867.483, 123
Trd, 258868.167, 99
Trd, 258868.217, 116
Trd, 258868.717, 94
Trd, 258870.000, 115
Trd, 258870.017, 103
Trd, 258870.950, 98
Trd, 258871.200, 106
Trd, 258872.133, 95
Trd, 258872.383, 88
Trd, 258872.833, 97
Trd, 258874.317, 98
Trd, 258874.367, 106
Trd, 258876.150, 108
Trd, 258876.367, 113
Trd, 258877.433, 104
Trd, 258877.867, 102
Trd, 258878.333, 97
Trd, 258878.400, 123
Trd, 258878.417, 94
Trd, 258878.850, 111
Trd, 258879.517, 94
Trd, 258880.650, 93
Trd, 258880.867, 96
Trd, 258880.883, 96
Trd, 258882.183, 108
Trd, 258882.967, 105
Trd, 258883.200, 100
Trd, 258883.683, 93
Trd, 258884.050, 98
Trd, 258884.717, 99
Trd, 258884.900, 93
Trd, 258885.467, 91
Trd, 258887.200, 113
Trd, 258887.917, 123
Trd, 258888.933, 113
Trd, 258889.200, 104
Trd, 258889.283, 104
Trd, 258889.367, 118
Trd, 258889.500, 120
Trd, 258889.683, 98
Trd, 258889.850, 91
Trd, 258891.450, 90
Trd, 258891.667, 100
Trd, 258891.933, 120
Trd, 258892.283, 93
Trd, 258893.633, 109
Trd, 258893.817, 94
Trd, 258894.250, 116
Trd, 258894.267, 108
Trd, 258894.283, 93
Trd, 258896.133, 95
Trd, 258896.283, 103
Trd, 258896.333, 89
Trd, 258897.283, 105
Trd, 258897.700, 114
Trd, 258897.850, 99
Trd, 258899.017, 112
Trd, 258900.033, 111
Trd, 258900.950, 103
Trd, 258901.767, 120
Trd, 258902.150, 117
Trd, 258902.333, 114
Trd, 258902.450, 98
Trd, 258903.433, 117
Trd, 258903.650, 92
Trd, 258904.767, 112
Trd, 258905.050, 122
Trd, 258905.283, 107
Trd, 258905.867, 95
Trd, 258907.000, 100
Trd, 258907.750, 123
Trd, 258909.350, 107
Trd, 258910.183, 109
Trd, 258910.583, 108
Trd, 258910.883, 109
Trd, 258912.000, 105
Trd, 258912.733, 106
Trd, 258913.133, 103
Trd, 258913.250, 98
Trd, 258913.950, 103
Trd, 258914.400, 114
Trd, 258915.517, 108
Trd, 258915.733, 92
Trd, 258916.500, 111
Trd, 258917.683, 112
Trd, 258918.350, 92
Trd, 258918.917, 93
Trd, 258919.283, 114
Trd, 258920.367, 121
Trd, 258920.450, 101
Trd, 258920.617, 102
Trd, 258920.917, 106
Trd, 258921.133, 99
Trd, 258922.200, 90
Trd, 258922.283, 99
Trd, 258922.350, 121
Trd, 258922.683, 123
Trd, 258923.300, 117
Trd, 258923.617, 117
Trd, 258924.683, 124
Trd, 258924.850, 110
Trd, 258925.267, 115
Trd, 258925.517, 103
Trd, 258926.117, 116
Trd, 258926.250, 116
Trd, 258927.900, 93
Trd, 258928.283, 99
Trd, 258929.467, 88
Trd, 258930.567, 104
Trd, 258930.617, 103
Trd, 258930.767, 106
Trd, 258931.250, 131
Trd, 258931.750, 116
Trd, 258931.983, 110
Trd, 258932.250, 124
Trd, 258932.533, 93
Trd, 258932.600, 90
Trd, 258933.250, 79
Trd, 258933.517, 123
Trd, 258933.817, 97
Trd, 258934.233, 109
Trd, 258934.483, 118
Trd, 258937.433, 96
Trd, 258938.250, 104
Trd, 258938.867, 111
Trd, 258938.967, 122
Trd, 258939.517, 113
Trd, 258939.967, 105
Trd, 258940.167, 118
Trd, 258940.533, 103
Trd, 258940.617, 90
Trd, 258942.267, 91
Trd, 258943.117, 94
Trd, 258943.933, 107
Trd, 258943.967, 110
Trd, 258945.100, 122
Trd, 258945.683, 114
Trd, 258945.867, 104
Trd, 258945.933, 98
Trd, 258946.333, 125
Trd, 258946.983, 116
Trd, 258947.683, 93
Trd, 258948.750, 105
Trd, 258949.150, 115
Trd, 258949.967, 111
Trd, 258950.200, 108
Trd, 258950.217, 104
Trd, 258950.517, 98
Trd, 258950.617, 117
Trd, 258951.783, 103
Trd, 258952.283, 98
Trd, 258952.867, 117
Trd, 258953.650, 95
Trd, 258953.883, 105
Trd, 258954.383, 107
Trd, 258955.233, 121
Trd, 258955.800, 117
Trd, 258956.017, 113
Trd, 258956.783, 108
Trd, 258956.933, 104
Trd, 258957.000, 102
Trd, 258957.083, 111
Trd, 258957.483, 98
Trd, 258957.717, 101
Trd, 258959.433, 104
Trd, 258961.683, 106
Trd, 258962.000, 107
Trd, 258962.550, 104
Trd, 258962.900, 116
Trd, 258963.850, 109
Trd, 258964.850, 118
Trd, 258965.017, 108
Trd, 258966.000, 115
Trd, 258966.233, 116
Trd, 258966.467, 103
Trd, 258966.650, 120
Trd, 258967.350, 100
Trd, 258968.350, 93
Trd, 258968.367, 102
Trd, 258968.950, 117
Trd, 258970.500, 116
Trd, 258970.950, 99
Trd, 258971.200, 100
Trd, 258972.200, 111
Trd, 258972.283, 112
Trd, 258972.750, 99
Trd, 258973.100, 99
Trd, 258973.500, 95
Trd, 258973.850, 102
Trd, 258974.217, 90
Trd, 258974.250, 89
Trd, 258974.900, 105
Trd, 258976.717, 98
Trd, 258977.233, 107
Trd, 258977.517, 115
Trd, 258977.733, 116
Trd, 258978.050, 111
Trd, 258980.200, 110
Trd, 258980.400, 108
Trd, 258980.833, 103
Trd, 258981.550, 105
Trd, 258981.583, 107
Trd, 258981.750, 98
Trd, 258982.083, 95
Trd, 258982.233, 90
Trd, 258983.783, 120
Trd, 258984.267, 90
Trd, 258984.617, 95
Trd, 258984.650, 110
Trd, 258984.867, 91
Trd, 258986.217, 94
Trd, 258986.450, 92
Trd, 258986.633, 92
Trd, 258987.300, 103
Trd, 258987.917, 116
Trd, 258988.183, 105
Trd, 258988.250, 104
Trd, 258988.517, 90
Trd, 258989.517, 92
Trd, 258990.983, 113
Trd, 258991.033, 114
Trd, 258991.133, 85
Trd, 258992.083, 109
Trd, 258992.200, 110
Trd, 258992.467, 100
Trd, 258992.600, 112
Trd, 258992.650, 99
Trd, 258993.333, 124
Trd, 258994.450, 103
Trd, 258994.800, 116
Trd, 258996.017, 97
Trd, 258996.583, 95
Trd, 258997.900, 108
Trd, 258998.217, 109
Trd, 258998.450, 123
Trd, 258998.683, 109
Trd, 258998.733, 117
Trd, 258999.067, 99
Trd, 258999.533, 112
Trd, 259000.483, 94
Trd, 259001.300, 104
Trd, 259001.817, 121
Trd, 259002.750, 103
Trd, 259003.067, 121
Trd, 259003.683, 126
Trd, 259004.033, 122
Trd, 259004.150, 120
Trd, 259004.733, 106
Trd, 259004.917, 129
Trd, 259005.350, 111
Trd, 259005.433, 95
Trd, 259006.200, 91
Trd, 259006.633, 92
Trd, 259006.733, 116
Trd, 259007.367, 95
Trd, 259007.467, 91
Trd, 259008.550, 110
Trd, 259008.733, 118
Trd, 259009.367, 105
Trd, 259009.683, 118
Trd, 259010.550, 109
Trd, 259011.933, 105
Trd, 259012.700, 102
Trd, 259012.950, 114
Trd, 259013.133, 93
Trd, 259013.167, 96
Trd, 259015.167, 94
Trd, 259015.450, 104
Trd, 259015.500, 93
Trd, 259016.600, 95
Trd, 259016.683, 103
Trd, 259017.550, 105
Trd, 259018.067, 107
Trd, 259018.167, 93
Trd, 259018.467, 113
Trd, 259018.500, 115
Trd, 259019.633, 109
Trd, 259020.267, 94
Trd, 259020.617, 90
Trd, 259021.267, 104
Trd, 259022.067, 104
Trd, 259023.900, 104
Trd, 259024.150, 103
Trd, 259024.350, 108
Trd, 259025.217, 101
Trd, 259025.367, 99
Trd, 259025.417, 105
Trd, 259026.450, 101
Trd, 259027.117, 111
Trd, 259027.717, 96
Trd, 259027.867, 103
Trd, 259028.367, 118
Trd, 259028.617, 123
Trd, 259029.100, 124
Trd, 259029.750, 131
Trd, 259030.050, 120
Trd, 259031.300, 126
Trd, 259031.517, 107
Trd, 259032.167, 125
Trd, 259033.733, 117
Trd, 259033.800, 115
Trd, 259033.933, 109
Trd, 259034.400, 108
Trd, 259035.200, 106
Trd, 259035.950, 114
Trd, 259036.267, 104
Trd, 259036.550, 116
Trd, 259037.517, 117
Trd, 259038.083, 98
Trd, 259038.700, 114
Trd, 259039.300, 103
Trd, 259039.767, 105
Trd, 259040.150, 94
Trd, 259040.433, 91
Trd, 259040.917, 92
Trd, 259041.567, 101
Trd, 259041.883, 103
Trd, 259041.950, 106
Trd, 259042.400, 99
Trd, 259042.650, 108
Trd, 259042.967, 104
Trd, 259043.167, 121
Trd, 259044.567, 124
Trd, 259045.283, 97
Trd, 259045.633, 109
Trd, 259046.267, 96
Trd, 259046.350, 94
Trd, 259047.000, 99
Trd, 259047.117, 100
Trd, 259047.517, 91
Trd, 259047.867, 102
Trd, 259049.367, 106
Trd, 259049.467, 104
Trd, 259050.950, 121
Trd, 259051.733, 113
Trd, 259051.900, 112
Trd, 259052.633, 123
Trd, 259052.867, 109
Trd, 259053.350, 95
Trd, 259053.683, 107
Trd, 259054.033, 109
Trd, 259054.933, 122
Trd, 259055.483, 115
Trd, 259055.600, 103
Trd, 259056.917, 120
Trd, 259057.133, 101
Trd, 259057.250, 130
Trd, 259058.867, 97
Trd, 259059.467, 95
Trd, 259059.883, 120
Trd, 259060.183, 104
Trd, 259060.517, 97
Trd, 259062.250, 93
Trd, 259062.483, 94
Trd, 259062.567, 102
Trd, 259064.233, 100
Trd, 259064.333, 89
Trd, 259064.417, 103
Trd, 259064.500, 104
Trd, 259065.133, 92
Trd, 259066.567, 103
Trd, 259067.183, 91
Trd, 259067.967, 113
Trd, 259068.450, 106
Trd, 259068.717, 108
Trd, 259068.867, 106
Trd, 259069.000, 103
Trd, 259069.250, 98
Trd, 259071.650, 105
Trd, 259071.733, 104
Trd, 259071.800, 97
Trd, 259072.283, 108
Trd, 259072.683, 104
Trd, 259072.717, 115
Trd, 259073.217, 107
Trd, 259075.517, 104
Trd, 259076.800, 112
Trd, 259077.650, 110
Trd, 259077.717, 105
Trd, 259078.000, 106
Trd, 259078.800, 99
Trd, 259079.033, 100
Trd, 259079.883, 112
Trd, 259079.933, 110
Trd, 259080.133, 116
Trd, 259081.500, 103
Trd, 259081.983, 97
Trd, 259082.017, 95
Trd, 259082.083, 93
Trd, 259082.567, 104
Trd, 259083.200, 105
Trd, 259083.317, 116
Trd, 259083.950, 123
Trd, 259086.200, 106
Trd, 259086.467, 109
Trd, 259087.700, 113
Trd, 259088.267, 120
Trd, 259088.633, 103
Trd, 259089.300, 97
Trd, 259090.150, 116
Trd, 259090.167, 106
Trd, 259090.917, 115
Trd, 259091.283, 117
Trd, 259091.367, 112
Trd, 259091.533, 113
Trd, 259092.233, 104
Trd, 259093.233, 105
Trd, 259093.600, 102
Trd, 259094.100, 98
Trd, 259094.850, 106
Trd, 259095.117, 116
Trd, 259097.433, 114
Trd, 259097.900, 110
Trd, 259098.383, 106
Trd, 259098.750, 105
Trd, 259099.100, 104
Trd, 259099.217, 99
Trd, 259100.183, 99
Trd, 259100.267, 102
Trd, 259100.883, 116
Trd, 259101.533, 102
Trd, 259101.867, 96
Trd, 259102.583, 93
Trd, 259103.183, 104
Trd, 259103.700, 102
Trd, 259104.467, 120
Trd, 259104.633, 118
Trd, 259105.250, 96
Trd, 259105.500, 100
Trd, 259105.983, 90
Trd, 259107.150, 92
Trd, 259107.733, 107
Trd, 259109.033, 114
Trd, 259109.050, 107
Trd, 259109.283, 104
Trd, 259109.683, 113
Trd, 259109.900, 103
Trd, 259110.550, 106
Trd, 259111.550, 103
Trd, 259111.900, 101
Trd, 259112.000, 111
Trd, 259112.233, 98
Trd, 259112.317, 115
Trd, 259112.750, 98
Trd, 259113.350, 140
Trd, 259114.067, 115
Trd, 259114.567, 119
Trd, 259115.167, 92
Trd, 259115.500, 90
Trd, 259115.650, 108
Trd, 259116.950, 109
Trd, 259117.200, 103
Trd, 259117.300, 99
Trd, 259118.017, 121
Trd, 259118.067, 108
Trd, 259118.383, 105
Trd, 259119.067, 99
Trd, 259120.100, 116
Trd, 259120.200, 116
Trd, 259120.467, 118
Trd, 259121.067, 98
Trd, 259122.083, 106
Trd, 259122.483, 115
Trd, 259123.550, 112
Trd, 259123.667, 105
Trd, 259123.883, 104
Trd, 259124.767, 115
Trd, 259125.283, 102
Trd, 259125.700, 90
Trd, 259126.533, 99
Trd, 259126.967, 111
Trd, 259127.183, 112
Trd, 259127.567, 90
Trd, 259127.717, 111
Trd, 259127.833, 123
Trd, 259129.033, 122
Trd, 259129.667, 96
Trd, 259130.183, 115
Trd, 259130.917, 88
Trd, 259131.100, 84
Trd, 259131.367, 97
Trd, 259131.733, 93
Trd, 259131.917, 91
Trd, 259132.767, 97
Trd, 259133.083, 117
Trd, 259133.267, 118
Trd, 259134.767, 106
Trd, 259134.917, 98
Trd, 259135.117, 91
Trd, 259135.450, 117
Trd, 259136.067, 116
Trd, 259136.733, 104
Trd, 259137.267, 108
Trd, 259137.517, 123
Trd, 259139.633, 116
Trd, 259140.150, 98
Trd, 259140.200, 102
Trd, 259140.550, 95
Trd, 259140.667, 88
Trd, 259140.683, 113
Trd, 259140.967, 91
Trd, 259141.133, 112
Trd, 259142.217, 104
Trd, 259142.733, 111
Trd, 259143.983, 110
Trd, 259144.783, 123
Trd, 259145.733, 90
Trd, 259145.967, 91
Trd, 259146.317, 89
Trd, 259146.550, 105
Trd, 259146.850, 98
Trd, 259147.650, 92
Trd, 259147.983, 92
Trd, 259148.267, 98
Trd, 259148.350, 88
Trd, 259150.517, 124
Trd, 259150.533, 121
Trd, 259150.967, 106
Trd, 259151.100, 121
Trd, 259152.183, 114
Trd, 259153.217, 122
Trd, 259153.467, 95
Trd, 259154.417, 102
Trd, 259154.883, 104
Trd, 259155.533, 104
Trd, 259155.883, 109
Trd, 259155.900, 103
Trd, 259156.083, 96
Trd, 259157.267, 103
Trd, 259158.000, 95
Trd, 259158.467, 97
Trd, 259158.517, 87
Trd, 259158.700, 97
Trd, 259160.100, 109
Trd, 259160.283, 92
Trd, 259161.150, 114
Trd, 259161.633, 106
Trd, 259161.983, 119
Trd, 259162.300, 104
Trd, 259162.583, 116
Trd, 259162.900, 123
Trd, 259163.633, 97
Trd, 259164.500, 113
Trd, 259164.767, 95
Trd, 259164.867, 90
Trd, 259165.183, 106
Trd, 259165.683, 118
Trd, 259166.383, 104
Trd, 259168.300, 98
Trd, 259168.717, 104
Trd, 259169.367, 94
Trd, 259170.400, 104
Trd, 259170.600, 108
Trd, 259170.667, 111
Trd, 259170.850, 121
Trd, 259171.217, 104
Trd, 259171.383, 102
Trd, 259172.250, 110
Trd, 259173.083, 123
Trd, 259174.550, 87
Trd, 259174.750, 89
Trd, 259174.817, 90
Trd, 259175.500, 94
Trd, 259175.867, 91
Trd, 259176.200, 115
Trd, 259176.250, 93
Trd, 259177.350, 104
Trd, 259177.983, 107
Trd, 259178.400, 90
Trd, 259178.450, 102
Trd, 259179.917, 107
Trd, 259180.750, 111
Trd, 259181.050, 95
Trd, 259181.117, 111
Trd, 259181.283, 106
Trd, 259181.950, 106
Trd, 259182.067, 104
Trd, 259182.600, 97
Trd, 259183.633, 91
Trd, 259184.400, 90
Trd, 259184.817, 98
Trd, 259185.067, 96
Trd, 259185.550, 103
Trd, 259186.317, 102
Trd, 259186.967, 114
Trd, 259187.350, 120
Trd, 259187.767, 111
Trd, 259187.783, 92
Trd, 259188.850, 113
Trd, 259189.650, 93
Trd, 259190.533, 94
Trd, 259190.617, 95
Trd, 259191.083, 107
Trd, 259191.100, 89
Trd, 259191.550, 103
Trd, 259191.967, 106
Trd, 259192.217, 93
Trd, 259194.583, 111
Trd, 259194.667, 99
Trd, 259194.817, 117
Trd, 259196.167, 121
Trd, 259196.200, 113
Trd, 259197.350, 115
Trd, 259197.717, 114
Trd, 259198.033, 101
Trd, 259198.633, 104
Trd, 259199.050, 105
