Trd, 258514.067, 106
Trd, 258514.317, 99
Trd, 258514.733, 108
Trd, 258515.283, 114
Trd, 258515.717, 123
Trd, 258516.783, 120
Trd, 258517.067, 106
Trd, 258517.200, 104
Trd, 258517.400, 103
Trd, 258517.567, 102
Trd, 258517.933, 102
Trd, 258519.233, 122
Trd, 258519.283, 102
Trd, 258519.417, 101
Trd, 258519.633, 98
Trd, 258519.733, 95
Trd, 258519.883, 93
Trd, 258520.233, 100
Trd, 258520.533, 104
Trd, 258521.567, 117
Trd, 258521.700, 122
Trd, 258522.233, 96
Trd, 258522.433, 95
Trd, 258522.483, 93
Trd, 258523.167, 104
Trd, 258524.667, 94
Trd, 258524.683, 106
Trd, 258525.217, 105
Trd, 258525.317, 112
Trd, 258525.383, 97
Trd, 258525.717, 87
Trd, 258526.033, 116
Trd, 258526.383, 89
Trd, 258526.800, 128
Trd, 258526.883, 117
Trd, 258527.200, 127
Trd, 258528.083, 102
Trd, 258528.117, 101
Trd, 258528.450, 104
Trd, 258528.667, 101
Trd, 258528.967, 111
Trd, 258529.283, 101
Trd, 258529.333, 118
Trd, 258529.383, 119
Trd, 258530.367, 107
Trd, 258530.933, 99
Trd, 258531.833, 105
Trd, 258532.717, 106
Trd, 258533.117, 105
Trd, 258533.417, 104
Trd, 258533.450, 108
Trd, 258533.817, 99
Trd, 258534.100, 112
Trd, 258534.800, 116
Trd, 258534.900, 101
Trd, 258535.383, 103
Trd, 258535.950, 103
Trd, 258536.333, 102
Trd, 258536.367, 104
Trd, 258536.583, 112
Trd, 258536.733, 101
Trd, 258536.767, 114
Trd, 258537.300, 115
Trd, 258538.917, 98
Trd, 258539.033, 95
Trd, 258539.083, 114
Trd, 258539.217, 90
Trd, 258540.000, 104
Trd, 258540.567, 102
Trd, 258540.583, 101
Trd, 258541.100, 91
Trd, 258541.733, 104
Trd, 258542.083, 104
Trd, 258542.617, 105
Trd, 258542.933, 98
Trd, 258543.000, 106
Trd, 258543.017, 96
Trd, 258543.300, 112
Trd, 258543.633, 98
Trd, 258543.800, 128
Trd, 258545.017, 107
Trd, 258545.233, 112
Trd, 258545.967, 122
Trd, 258546.300, 103
Trd, 258547.067, 102
Trd, 258547.783, 115
Trd, 258547.883, 107
Trd, 258548.017, 104
Trd, 258548.200, 102
Trd, 258548.333, 101
Trd, 258548.350, 95
Trd, 258548.817, 97
Trd, 258549.150, 114
Trd, 258549.233, 87
Trd, 258550.467, 113
Trd, 258550.517, 91
Trd, 258550.667, 88
Trd, 258551.050, 118
Trd, 258551.233, 110
Trd, 258552.067, 122
Trd, 258552.217, 121
Trd, 258553.533, 122
Trd, 258553.733, 115
Trd, 258554.850, 121
Trd, 258554.917, 122
Trd, 258555.517, 116
Trd, 258555.817, 115
Trd, 258555.833, 112
Trd, 258556.133, 101
Trd, 258556.267, 106
Trd, 258556.450, 101
Trd, 258556.900, 118
Trd, 258557.200, 99
Trd, 258557.367, 118
Trd, 258557.550, 98
Trd, 258558.017, 123
Trd, 258558.167, 106
Trd, 258559.067, 117
Trd, 258559.167, 105
Trd, 258559.417, 104
Trd, 258560.000, 101
Trd, 258560.250, 109
Trd, 258561.550, 98
Trd, 258561.983, 97
Trd, 258562.017, 95
Trd, 258562.067, 93
Trd, 258562.083, 111
Trd, 258562.467, 98
Trd, 258562.717, 110
Trd, 258563.067, 97
Trd, 258563.917, 107
Trd, 258564.700, 93
Trd, 258565.417, 105
Trd, 258566.533, 104
Trd, 258566.733, 101
Trd, 258566.900, 98
Trd, 258568.000, 100
Trd, 258568.083, 103
Trd, 258568.300, 107
Trd, 258568.350, 108
Trd, 258568.450, 112
Trd, 258568.483, 117
Trd, 258568.700, 101
Trd, 258569.317, 105
Trd, 258569.583, 101
Trd, 258569.817, 119
Trd, 258570.617, 97
Trd, 258570.850, 96
Trd, 258571.567, 98
Trd, 258571.883, 99
Trd, 258571.967, 96
Trd, 258572.050, 95
Trd, 258572.633, 104
Trd, 258572.900, 98
Trd, 258574.367, 102
Trd, 258574.500, 105
Trd, 258574.667, 93
Trd, 258575.467, 108
Trd, 258575.567, 112
Trd, 258576.100, 102
Trd, 258576.167, 115
Trd, 258576.233, 106
Trd, 258576.317, 102
Trd, 258576.617, 101
Trd, 258576.733, 117
Trd, 258577.033, 102
Trd, 258577.183, 95
Trd, 258578.133, 95
Trd, 258579.117, 119
Trd, 258579.483, 101
Trd, 258579.717, 100
Trd, 258580.250, 111
Trd, 258580.933, 114
Trd, 258580.967, 115
Trd, 258581.033, 110
Trd, 258581.200, 110
Trd, 258581.267, 116
Trd, 258581.483, 123
Trd, 258581.500, 106
Trd, 258581.600, 104
Trd, 258582.667, 100
Trd, 258582.733, 104
Trd, 258583.233, 104
Trd, 258583.633, 101
Trd, 258584.017, 119
Trd, 258584.600, 98
Trd, 258585.517, 125
Trd, 258585.733, 96
Trd, 258585.783, 95
Trd, 258585.800, 112
Trd, 258586.367, 107
Trd, 258586.583, 96
Trd, 258587.000, 95
Trd, 258587.867, 94
Trd, 258587.950, 90
Trd, 258588.217, 87
Trd, 258589.083, 85
Trd, 258589.200, 84
Trd, 258589.300, 93
Trd, 258589.717, 99
Trd, 258590.233, 107
Trd, 258590.967, 108
Trd, 258591.350, 107
Trd, 258591.450, 109
Trd, 258591.533, 112
Trd, 258591.717, 123
Trd, 258592.117, 106
Trd, 258593.633, 113
Trd, 258593.867, 121
Trd, 258594.217, 122
Trd, 258594.383, 123
Trd, 258594.567, 101
Trd, 258594.733, 116
Trd, 258595.783, 121
Trd, 258596.400, 104
Trd, 258596.617, 100
Trd, 258596.683, 95
Trd, 258598.300, 104
Trd, 258598.400, 103
Trd, 258598.533, 96
Trd, 258598.733, 98
Trd, 258598.767, 106
Trd, 258598.917, 95
Trd, 258599.033, 93
Trd, 258599.417, 107
Trd, 258599.700, 112
Trd, 258600.133, 110
Trd, 258600.200, 109
Trd, 258600.950, 115
Trd, 258601.517, 119
Trd, 258602.067, 107
Trd, 258602.800, 123
Trd, 258603.100, 124
Trd, 258606.150, 112
Trd, 258606.483, 112
Trd, 258606.717, 123
Trd, 258607.283, 126
Trd, 258607.483, 112
Trd, 258607.517, 117
Trd, 258607.583, 106
Trd, 258607.633, 104
Trd, 258607.717, 101
Trd, 258607.800, 98
Trd, 258607.917, 97
Trd, 258608.433, 103
Trd, 258609.000, 100
Trd, 258609.267, 96
Trd, 258609.483, 99
Trd, 258609.517, 105
Trd, 258610.350, 98
Trd, 258610.400, 93
Trd, 258610.700, 117
Trd, 258610.817, 90
Trd, 258611.167, 121
Trd, 258612.083, 98
Trd, 258612.217, 91
Trd, 258612.850, 98
Trd, 258613.767, 110
Trd, 258613.783, 100
Trd, 258614.267, 108
Trd, 258614.600, 106
Trd, 258614.817, 101
Trd, 258614.933, 98
Trd, 258614.950, 95
Trd, 258615.000, 109
Trd, 258615.050, 95
Trd, 258615.750, 101
Trd, 258616.633, 102
Trd, 258616.667, 108
Trd, 258617.083, 107
Trd, 258617.250, 103
Trd, 258618.117, 100
Trd, 258619.400, 105
Trd, 258619.500, 106
Trd, 258619.783, 108
Trd, 258620.233, 106
Trd, 258620.467, 103
Trd, 258621.133, 98
Trd, 258621.267, 95
Trd, 258621.383, 90
Trd, 258621.583, 87
Trd, 258621.817, 91
Trd, 258622.417, 102
Trd, 258622.750, 112
Trd, 258623.367, 121
Trd, 258623.533, 120
Trd, 258623.583, 119
Trd, 258624.550, 107
Trd, 258624.767, 105
Trd, 258625.433, 109
Trd, 258625.567, 104
Trd, 258626.017, 93
Trd, 258626.367, 95
Trd, 258626.467, 109
Trd, 258627.600, 110
Trd, 258628.117, 106
Trd, 258628.633, 111
Trd, 258628.900, 107
Trd, 258629.517, 104
Trd, 258629.617, 101
Trd, 258629.667, 99
Trd, 258630.100, 95
Trd, 258630.183, 93
Trd, 258630.550, 110
Trd, 258631.650, 98
Trd, 258632.417, 100
Trd, 258632.533, 99
Trd, 258632.817, 103
Trd, 258632.967, 104
Trd, 258633.083, 93
Trd, 258633.867, 112
Trd, 258634.583, 113
Trd, 258634.983, 117
Trd, 258635.550, 111
Trd, 258635.600, 120
Trd, 258636.000, 122
Trd, 258636.550, 106
Trd, 258636.900, 113
Trd, 258637.317, 100
Trd, 258637.833, 100
Trd, 258637.933, 99
Trd, 258638.017, 101
Trd, 258638.233, 102
Trd, 258638.467, 101
Trd, 258638.817, 98
Trd, 258638.833, 90
Trd, 258639.067, 82
Trd, 258639.583, 100
Trd, 258639.850, 100
Trd, 258639.983, 98
Trd, 258640.833, 107
Trd, 258640.900, 120
Trd, 258642.400, 116
Trd, 258642.850, 108
Trd, 258643.300, 116
Trd, 258643.983, 116
Trd, 258644.350, 125
Trd, 258644.400, 124
Trd, 258644.533, 115
Trd, 258644.583, 112
Trd, 258644.700, 106
Trd, 258644.983, 105
Trd, 258645.300, 116
Trd, 258645.383, 117
Trd, 258645.917, 104
Trd, 258645.983, 101
Trd, 258646.017, 95
Trd, 258646.233, 88
Trd, 258646.767, 105
Trd, 258647.617, 126
Trd, 258648.050, 113
Trd, 258649.350, 102
Trd, 258649.500, 102
Trd, 258649.783, 106
Trd, 258650.083, 97
Trd, 258651.067, 104
Trd, 258651.117, 102
Trd, 258651.600, 100
Trd, 258652.167, 103
Trd, 258652.583, 108
Trd, 258653.317, 101
Trd, 258653.433, 98
Trd, 258654.083, 108
Trd, 258654.100, 110
Trd, 258654.333, 112
Trd, 258654.667, 97
Trd, 258655.700, 109
Trd, 258655.800, 114
Trd, 258655.850, 104
Trd, 258656.200, 104
Trd, 258656.383, 97
Trd, 258656.833, 97
Trd, 258657.517, 98
Trd, 258657.633, 107
Trd, 258657.833, 114
Trd, 258657.900, 115
Trd, 258657.983, 113
Trd, 258658.067, 116
Trd, 258658.117, 96
Trd, 258658.667, 95
Trd, 258659.983, 110
Trd, 258660.117, 109
Trd, 258660.717, 106
Trd, 258660.950, 105
Trd, 258661.167, 106
Trd, 258661.283, 104
Trd, 258661.517, 104
Trd, 258662.017, 101
Trd, 258662.933, 111
Trd, 258663.550, 115
Trd, 258664.183, 121
Trd, 258664.367, 115
Trd, 258664.933, 114
Trd, 258665.083, 112
Trd, 258665.283, 101
Trd, 258665.667, 98
Trd, 258666.383, 95
Trd, 258666.400, 93
Trd, 258667.000, 102
Trd, 258667.050, 90
Trd, 258667.083, 103
Trd, 258667.517, 100
Trd, 258668.167, 99
Trd, 258668.233, 102
Trd, 258668.583, 105
Trd, 258668.733, 94
Trd, 258668.967, 95
Trd, 258669.050, 94
Trd, 258669.150, 99
Trd, 258669.633, 101
Trd, 258670.900, 112
Trd, 258671.333, 102
Trd, 258671.817, 113
Trd, 258672.000, 120
Trd, 258672.050, 120
Trd, 258672.217, 121
Trd, 258672.917, 103
Trd, 258673.417, 103
Trd, 258673.800, 102
Trd, 258674.933, 103
Trd, 258675.033, 103
Trd, 258675.650, 105
Trd, 258675.767, 109
Trd, 258675.783, 102
Trd, 258676.267, 98
Trd, 258676.400, 93
Trd, 258676.433, 87
Trd, 258676.983, 116
Trd, 258677.717, 100
Trd, 258678.133, 114
Trd, 258678.350, 98
Trd, 258678.367, 95
Trd, 258678.750, 97
Trd, 258679.000, 96
Trd, 258679.750, 98
Trd, 258680.217, 106
Trd, 258680.300, 94
Trd, 258680.467, 94
Trd, 258680.550, 103
Trd, 258681.100, 122
Trd, 258681.400, 115
Trd, 258681.433, 128
Trd, 258681.600, 104
Trd, 258682.600, 120
Trd, 258683.000, 112
Trd, 258683.300, 103
Trd, 258684.700, 100
Trd, 258685.233, 110
Trd, 258685.533, 107
Trd, 258685.583, 105
Trd, 258686.183, 101
Trd, 258686.833, 104
Trd, 258686.917, 106
Trd, 258687.067, 118
Trd, 258687.667, 130
Trd, 258687.733, 128
Trd, 258687.800, 126
Trd, 258688.200, 102
Trd, 258688.283, 99
Trd, 258688.917, 122
Trd, 258689.183, 95
Trd, 258689.867, 124
Trd, 258690.433, 123
Trd, 258690.683, 115
Trd, 258691.367, 106
Trd, 258691.600, 105
Trd, 258692.600, 104
Trd, 258692.700, 107
Trd, 258692.733, 101
Trd, 258693.050, 98
Trd, 258693.650, 108
Trd, 258693.717, 113
Trd, 258693.850, 115
Trd, 258694.217, 114
Trd, 258694.667, 112
Trd, 258695.433, 107
Trd, 258695.450, 106
Trd, 258695.667, 97
Trd, 258696.350, 117
Trd, 258696.783, 116
Trd, 258697.017, 98
Trd, 258698.050, 95
Trd, 258698.867, 102
Trd, 258699.067, 95
Trd, 258699.400, 94
Trd, 258699.833, 103
Trd, 258700.517, 103
Trd, 258700.633, 109
Trd, 258701.000, 101
Trd, 258701.783, 105
Trd, 258701.967, 105
Trd, 258703.167, 105
Trd, 258703.233, 104
Trd, 258703.317, 98
Trd, 258704.017, 106
Trd, 258704.567, 109
Trd, 258704.800, 97
Trd, 258706.200, 101
Trd, 258706.583, 102
Trd, 258706.650, 100
Trd, 258706.900, 99
Trd, 258707.533, 101
Trd, 258707.683, 95
Trd, 258707.750, 102
Trd, 258707.950, 93
Trd, 258707.983, 103
Trd, 258708.433, 104
Trd, 258708.917, 112
Trd, 258709.983, 112
Trd, 258710.317, 126
Trd, 258710.783, 111
Trd, 258711.217, 122
Trd, 258711.400, 111
Trd, 258711.617, 103
Trd, 258711.833, 105
Trd, 258712.100, 105
Trd, 258712.433, 101
Trd, 258713.067, 113
Trd, 258713.217, 100
Trd, 258713.500, 102
Trd, 258713.700, 100
Trd, 258714.817, 104
Trd, 258715.300, 108
Trd, 258715.517, 103
Trd, 258715.917, 101
Trd, 258716.750, 99
Trd, 258717.167, 106
Trd, 258717.317, 99
Trd, 258717.633, 107
Trd, 258718.117, 98
Trd, 258718.317, 95
Trd, 258718.567, 108
Trd, 258718.650, 118
Trd, 258718.700, 94
Trd, 258718.967, 93
Trd, 258719.750, 91
Trd, 258719.983, 88
Trd, 258720.067, 87
Trd, 258720.750, 122
Trd, 258720.867, 90
Trd, 258721.333, 107
Trd, 258721.683, 123
Trd, 258721.933, 107
Trd, 258721.950, 106
Trd, 258722.300, 122
Trd, 258722.400, 99
Trd, 258723.467, 116
Trd, 258723.583, 100
Trd, 258723.700, 106
Trd, 258725.533, 108
Trd, 258725.600, 106
Trd, 258725.750, 106
Trd, 258725.817, 96
Trd, 258726.000, 109
Trd, 258727.167, 108
Trd, 258727.233, 110
Trd, 258727.400, 101
Trd, 258728.183, 116
Trd, 258728.500, 98
Trd, 258728.717, 98
Trd, 258729.350, 98
Trd, 258729.383, 117
Trd, 258730.050, 123
Trd, 258730.850, 121
Trd, 258730.883, 119
Trd, 258731.017, 93
Trd, 258732.050, 105
Trd, 258732.383, 104
Trd, 258732.867, 114
Trd, 258733.050, 119
Trd, 258733.200, 121
Trd, 258733.417, 100
Trd, 258733.433, 96
Trd, 258733.583, 95
Trd, 258734.567, 117
Trd, 258734.900, 117
Trd, 258735.033, 120
Trd, 258735.867, 108
Trd, 258736.017, 107
Trd, 258736.050, 106
Trd, 258737.017, 107
Trd, 258737.050, 104
Trd, 258737.350, 101
Trd, 258737.533, 101
Trd, 258738.017, 121
Trd, 258738.167, 98
Trd, 258739.333, 102
Trd, 258739.483, 108
Trd, 258739.500, 101
Trd, 258739.617, 112
Trd, 258739.967, 97
Trd, 258740.083, 107
Trd, 258740.317, 103
Trd, 258740.517, 96
Trd, 258740.567, 95
Trd, 258740.600, 93
Trd, 258741.317, 89
Trd, 258742.650, 109
Trd, 258742.950, 110
Trd, 258743.383, 110
Trd, 258744.417, 110
Trd, 258744.850, 110
Trd, 258745.100, 109
Trd, 258745.617, 105
Trd, 258745.633, 104
Trd, 258746.000, 102
Trd, 258747.533, 104
Trd, 258747.617, 105
Trd, 258747.633, 106
Trd, 258747.717, 103
Trd, 258748.067, 112
Trd, 258748.217, 102
Trd, 258748.317, 120
Trd, 258748.717, 101
Trd, 258748.767, 98
Trd, 258748.967, 101
Trd, 258749.033, 120
Trd, 258749.067, 95
Trd, 258749.117, 92
Trd, 258749.767, 92
Trd, 258751.067, 116
Trd, 258751.100, 115
Trd, 258752.033, 98
Trd, 258752.350, 117
Trd, 258752.850, 94
Trd, 258753.200, 98
Trd, 258753.283, 99
Trd, 258753.400, 93
Trd, 258753.567, 105
Trd, 258754.017, 94
Trd, 258754.100, 100
Trd, 258755.033, 105
Trd, 258755.150, 98
Trd, 258755.300, 97
Trd, 258755.317, 95
Trd, 258755.383, 93
Trd, 258756.650, 114
Trd, 258756.733, 104
Trd, 258756.767, 99
Trd, 258757.083, 99
Trd, 258757.500, 106
Trd, 258757.617, 97
Trd, 258757.950, 95
Trd, 258757.967, 112
Trd, 258758.167, 94
Trd, 258758.533, 118
Trd, 258759.017, 94
Trd, 258759.133, 90
Trd, 258759.333, 118
Trd, 258760.033, 106
Trd, 258760.217, 84
Trd, 258760.600, 88
Trd, 258760.717, 118
Trd, 258761.800, 99
Trd, 258762.900, 106
Trd, 258763.033, 107
Trd, 258764.050, 107
Trd, 258764.367, 104
Trd, 258764.450, 112
Trd, 258764.533, 101
Trd, 258764.583, 101
Trd, 258764.617, 97
Trd, 258764.900, 128
Trd, 258765.200, 98
Trd, 258766.283, 112
Trd, 258766.367, 113
Trd, 258766.583, 112
Trd, 258766.750, 109
Trd, 258766.850, 106
Trd, 258767.533, 111
Trd, 258767.917, 104
Trd, 258768.150, 112
Trd, 258769.083, 116
Trd, 258769.117, 117
Trd, 258769.233, 111
Trd, 258769.250, 106
Trd, 258769.467, 105
Trd, 258770.200, 101
Trd, 258770.500, 101
Trd, 258770.750, 95
Trd, 258771.567, 117
Trd, 258771.617, 97
Trd, 258771.783, 94
Trd, 258773.183, 109
Trd, 258773.683, 105
Trd, 258773.767, 109
Trd, 258774.433, 105
Trd, 258774.517, 102
Trd, 258775.000, 106
Trd, 258775.167, 105
Trd, 258775.533, 109
Trd, 258775.850, 126
Trd, 258776.300, 104
Trd, 258776.933, 112
Trd, 258777.033, 109
Trd, 258777.867, 113
Trd, 258778.400, 118
Trd, 258778.483, 112
Trd, 258778.583, 106
Trd, 258778.750, 102
Trd, 258779.100, 105
Trd, 258780.300, 117
Trd, 258781.217, 112
Trd, 258781.517, 103
Trd, 258781.650, 110
Trd, 258781.883, 119
Trd, 258782.233, 106
Trd, 258782.800, 100
Trd, 258783.117, 100
Trd, 258783.150, 97
Trd, 258783.283, 95
Trd, 258783.317, 122
Trd, 258784.133, 129
Trd, 258785.967, 128
Trd, 258786.100, 99
Trd, 258786.467, 115
Trd, 258786.700, 115
Trd, 258786.867, 122
Trd, 258787.400, 116
Trd, 258787.650, 104
Trd, 258788.333, 119
Trd, 258788.450, 101
Trd, 258788.917, 95
Trd, 258788.950, 95
Trd, 258789.300, 116
Trd, 258789.767, 96
Trd, 258790.350, 109
Trd, 258790.750, 109
Trd, 258790.967, 101
Trd, 258791.567, 93
Trd, 258791.983, 93
Trd, 258792.300, 94
Trd, 258792.333, 90
Trd, 258792.567, 107
Trd, 258792.583, 98
Trd, 258792.800, 108
Trd, 258793.333, 112
Trd, 258793.600, 107
Trd, 258793.683, 116
Trd, 258794.217, 108
Trd, 258794.817, 107
Trd, 258795.300, 119
Trd, 258795.417, 104
Trd, 258795.500, 101
Trd, 258795.950, 99
Trd, 258795.983, 106
Trd, 258796.200, 115
Trd, 258797.450, 122
Trd, 258797.617, 123
Trd, 258797.667, 112
Trd, 258797.867, 105
Trd, 258798.017, 95
Trd, 258798.350, 90
Trd, 258799.083, 113
Trd, 258799.167, 104
Trd, 258799.417, 105
Trd, 258800.650, 105
Trd, 258800.683, 104
Trd, 258800.817, 98
Trd, 258800.967, 95
Trd, 258802.167, 115
Trd, 258802.300, 118
Trd, 258802.350, 134
Trd, 258802.600, 112
Trd, 258802.767, 109
Trd, 258803.667, 109
Trd, 258804.150, 114
Trd, 258804.983, 104
Trd, 258805.083, 105
Trd, 258805.200, 103
Trd, 258805.433, 102
Trd, 258806.050, 105
Trd, 258806.183, 111
Trd, 258806.333, 101
Trd, 258806.633, 112
Trd, 258806.700, 98
Trd, 258806.900, 95
Trd, 258806.983, 119
Trd, 258807.083, 122
Trd, 258807.917, 109
Trd, 258808.967, 107
Trd, 258809.117, 106
Trd, 258810.533, 107
Trd, 258810.600, 119
Trd, 258811.767, 107
Trd, 258811.917, 106
Trd, 258811.933, 117
Trd, 258812.133, 104
Trd, 258812.267, 116
Trd, 258812.400, 98
Trd, 258813.633, 99
Trd, 258813.650, 101
Trd, 258813.733, 98
Trd, 258814.450, 98
Trd, 258814.700, 95
Trd, 258815.167, 96
Trd, 258815.300, 101
Trd, 258815.583, 111
Trd, 258816.033, 94
Trd, 258816.250, 112
Trd, 258816.333, 120
Trd, 258817.117, 105
Trd, 258817.867, 99
Trd, 258817.950, 118
Trd, 258818.217, 98
Trd, 258818.733, 106
Trd, 258818.917, 125
Trd, 258819.050, 95
Trd, 258819.317, 110
Trd, 258819.650, 111
Trd, 258819.800, 105
Trd, 258819.817, 104
Trd, 258819.900, 94
Trd, 258820.667, 122
Trd, 258820.883, 105
Trd, 258821.400, 104
Trd, 258821.733, 99
Trd, 258822.450, 108
Trd, 258822.600, 106
Trd, 258823.417, 101
Trd, 258823.567, 98
Trd, 258823.617, 95
Trd, 258823.833, 88
Trd, 258824.033, 109
Trd, 258824.717, 108
Trd, 258825.083, 102
Trd, 258825.217, 111
Trd, 258826.017, 110
Trd, 258826.100, 112
Trd, 258826.250, 107
Trd, 258827.600, 123
Trd, 258828.150, 118
Trd, 258828.200, 118
Trd, 258828.517, 106
Trd, 258828.700, 104
Trd, 258829.233, 96
Trd, 258830.033, 93
Trd, 258830.067, 87
Trd, 258830.233, 120
Trd, 258830.617, 91
Trd, 258830.633, 90
Trd, 258830.650, 86
Trd, 258831.050, 122
Trd, 258831.450, 116
Trd, 258832.850, 108
Trd, 258833.117, 117
Trd, 258833.383, 106
Trd, 258833.983, 103
Trd, 258834.450, 123
Trd, 258834.483, 104
Trd, 258835.267, 123
Trd, 258835.600, 128
Trd, 258835.717, 116
Trd, 258836.717, 116
Trd, 258836.800, 104
Trd, 258836.833, 104
Trd, 258837.000, 105
Trd, 258837.050, 119
Trd, 258837.700, 104
Trd, 258838.367, 103
Trd, 258838.400, 101
Trd, 258838.483, 98
Trd, 258839.283, 95
Trd, 258839.683, 95
Trd, 258839.750, 96
Trd, 258839.950, 91
Trd, 258840.150, 117
Trd, 258840.800, 82
Trd, 258841.000, 97
Trd, 258841.800, 106
Trd, 258842.700, 101
Trd, 258842.950, 101
Trd, 258843.283, 100
Trd, 258843.433, 99
Trd, 258843.600, 98
Trd, 258843.850, 100
Trd, 258844.717, 101
Trd, 258844.850, 97
Trd, 258845.317, 106
Trd, 258845.567, 93
Trd, 258845.600, 106
Trd, 258845.683, 98
Trd, 258845.983, 110
Trd, 258846.083, 112
Trd, 258846.950, 113
Trd, 258847.483, 111
Trd, 258847.817, 111
Trd, 258847.967, 126
Trd, 258848.000, 110
Trd, 258848.200, 106
Trd, 258848.400, 104
Trd, 258848.650, 107
Trd, 258848.683, 101
Trd, 258848.967, 97
Trd, 258849.117, 95
Trd, 258849.200, 112
Trd, 258849.233, 93
Trd, 258849.750, 90
Trd, 258849.900, 115
Trd, 258852.433, 108
Trd, 258852.917, 108
Trd, 258852.950, 106
Trd, 258853.033, 109
Trd, 258853.067, 104
Trd, 258853.517, 103
Trd, 258853.683, 101
Trd, 258853.767, 109
Trd, 258853.783, 95
Trd, 258854.150, 106
Trd, 258854.400, 98
Trd, 258855.117, 96
Trd, 258855.850, 98
Trd, 258856.017, 112
Trd, 258856.083, 118
Trd, 258856.633, 113
Trd, 258857.167, 111
Trd, 258857.633, 106
Trd, 258857.767, 106
Trd, 258857.950, 95
Trd, 258858.150, 95
Trd, 258858.317, 104
Trd, 258858.583, 110
Trd, 258858.983, 93
Trd, 258859.233, 108
Trd, 258859.467, 109
Trd, 258859.800, 97
Trd, 258860.233, 105
Trd, 258860.267, 112
Trd, 258860.667, 128
Trd, 258860.917, 101
Trd, 258861.400, 89
Trd, 258861.900, 123
Trd, 258861.917, 95
Trd, 258862.650, 105
Trd, 258863.033, 106
Trd, 258863.650, 103
Trd, 258863.900, 99
Trd, 258864.033, 98
Trd, 258865.617, 107
Trd, 258866.217, 106
Trd, 258866.650, 107
Trd, 258866.933, 106
Trd, 258867.167, 104
Trd, 258867.367, 108
Trd, 258867.383, 101
Trd, 258867.500, 110
Trd, 258867.550, 112
Trd, 258867.800, 98
Trd, 258868.067, 95
Trd, 258868.333, 115
Trd, 258868.583, 91
Trd, 258868.933, 115
Trd, 258870.117, 106
Trd, 258870.367, 98
Trd, 258870.450, 116
Trd, 258870.667, 108
Trd, 258871.150, 128
Trd, 258871.333, 119
Trd, 258872.000, 101
Trd, 258872.600, 119
Trd, 258872.633, 110
Trd, 258872.883, 132
Trd, 258873.583, 113
Trd, 258873.900, 105
Trd, 258874.000, 104
Trd, 258874.333, 102
Trd, 258874.500, 130
Trd, 258874.950, 101
Trd, 258875.400, 95
Trd, 258875.683, 95
Trd, 258875.883, 94
Trd, 258876.300, 108
Trd, 258878.000, 123
Trd, 258878.083, 104
Trd, 258878.150, 103
Trd, 258878.400, 101
Trd, 258879.417, 109
Trd, 258879.567, 114
Trd, 258879.667, 101
Trd, 258879.917, 106
Trd, 258880.000, 95
Trd, 258880.183, 110
Trd, 258880.217, 91
Trd, 258881.717, 111
Trd, 258882.300, 110
Trd, 258882.500, 112
Trd, 258882.767, 113
Trd, 258882.900, 117
Trd, 258883.217, 103
Trd, 258883.450, 102
Trd, 258883.467, 111
Trd, 258884.000, 101
Trd, 258884.067, 98
Trd, 258885.100, 123
Trd, 258885.833, 102
Trd, 258886.333, 103
Trd, 258886.433, 101
Trd, 258886.867, 104
Trd, 258887.167, 119
Trd, 258887.267, 94
Trd, 258889.100, 111
Trd, 258889.367, 106
Trd, 258890.067, 110
Trd, 258890.150, 106
Trd, 258890.367, 104
Trd, 258890.783, 112
Trd, 258891.533, 100
Trd, 258891.600, 98
Trd, 258891.617, 95
Trd, 258891.850, 99
Trd, 258892.017, 105
Trd, 258892.867, 103
Trd, 258893.083, 98
Trd, 258893.250, 104
Trd, 258893.400, 93
Trd, 258893.533, 105
Trd, 258894.300, 101
Trd, 258894.350, 110
Trd, 258894.917, 112
Trd, 258895.300, 111
Trd, 258895.783, 128
Trd, 258895.867, 95
Trd, 258896.533, 97
Trd, 258896.583, 96
Trd, 258896.667, 104
Trd, 258896.850, 118
Trd, 258897.500, 106
Trd, 258897.833, 90
Trd, 258898.067, 95
Trd, 258898.117, 88
Trd, 258899.283, 106
Trd, 258899.883, 106
Trd, 258901.267, 103
Trd, 258901.600, 104
Trd, 258901.750, 103
Trd, 258902.283, 100
Trd, 258902.750, 96
Trd, 258903.067, 95
Trd, 258903.133, 105
Trd, 258903.717, 119
Trd, 258904.267, 113
Trd, 258904.383, 114
Trd, 258904.967, 112
Trd, 258905.050, 107
Trd, 258905.883, 107
Trd, 258905.900, 101
Trd, 258906.233, 117
Trd, 258906.383, 93
Trd, 258906.483, 118
Trd, 258906.817, 120
Trd, 258907.033, 92
Trd, 258907.167, 96
Trd, 258907.383, 100
Trd, 258907.967, 90
Trd, 258908.767, 91
Trd, 258909.067, 90
Trd, 258909.167, 91
Trd, 258910.117, 91
Trd, 258910.217, 97
Trd, 258910.417, 99
Trd, 258910.500, 98
Trd, 258910.700, 96
Trd, 258910.767, 100
Trd, 258910.933, 95
Trd, 258911.500, 101
Trd, 258912.033, 103
Trd, 258912.267, 104
Trd, 258912.550, 93
Trd, 258912.700, 104
Trd, 258913.150, 112
Trd, 258914.583, 104
Trd, 258914.983, 104
Trd, 258915.600, 106
Trd, 258915.717, 108
Trd, 258916.250, 127
Trd, 258916.300, 123
Trd, 258916.683, 123
Trd, 258917.367, 123
Trd, 258917.950, 115
Trd, 258918.383, 107
Trd, 258918.800, 130
Trd, 258918.900, 104
Trd, 258919.733, 101
Trd, 258920.050, 97
Trd, 258920.317, 107
Trd, 258920.500, 106
Trd, 258921.350, 103
Trd, 258921.450, 105
Trd, 258921.650, 105
Trd, 258922.550, 101
Trd, 258923.233, 102
Trd, 258923.500, 112
Trd, 258923.750, 93
Trd, 258924.033, 101
Trd, 258924.217, 105
Trd, 258924.567, 92
Trd, 258924.617, 90
Trd, 258925.417, 101
Trd, 258925.817, 106
Trd, 258926.050, 128
Trd, 258926.383, 118
Trd, 258927.333, 105
Trd, 258927.850, 104
Trd, 258928.300, 103
Trd, 258928.417, 101
Trd, 258928.650, 111
Trd, 258928.733, 97
Trd, 258929.050, 93
Trd, 258929.717, 105
Trd, 258929.800, 103
Trd, 258930.517, 108
Trd, 258930.633, 107
Trd, 258930.683, 99
Trd, 258930.817, 104
Trd, 258931.800, 111
Trd, 258931.833, 110
Trd, 258932.650, 112
Trd, 258932.717, 97
Trd, 258933.533, 95
Trd, 258933.617, 125
Trd, 258934.133, 106
Trd, 258934.800, 102
Trd, 258935.200, 101
Trd, 258935.583, 101
Trd, 258935.683, 104
Trd, 258936.133, 121
Trd, 258936.400, 93
Trd, 258936.817, 98
Trd, 258937.033, 110
Trd, 258938.117, 98
Trd, 258938.200, 99
Trd, 258938.233, 101
Trd, 258938.350, 95
Trd, 258939.367, 96
Trd, 258939.383, 93
Trd, 258939.550, 89
Trd, 258940.100, 118
Trd, 258940.117, 120
Trd, 258940.883, 119
Trd, 258941.100, 107
Trd, 258941.483, 106
Trd, 258942.900, 119
Trd, 258942.933, 112
Trd, 258943.500, 113
Trd, 258943.950, 105
Trd, 258944.133, 104
Trd, 258944.383, 103
Trd, 258944.467, 101
Trd, 258944.550, 105
Trd, 258945.250, 113
Trd, 258945.850, 123
Trd, 258945.983, 122
Trd, 258946.033, 102
Trd, 258947.000, 107
Trd, 258947.583, 106
Trd, 258948.050, 98
Trd, 258948.500, 105
Trd, 258948.767, 96
Trd, 258949.517, 99
Trd, 258949.700, 110
Trd, 258949.900, 111
Trd, 258950.633, 97
Trd, 258950.867, 107
Trd, 258951.917, 107
Trd, 258952.100, 106
Trd, 258952.450, 104
Trd, 258952.550, 107
Trd, 258953.633, 104
Trd, 258953.700, 95
Trd, 258954.100, 108
Trd, 258954.150, 108
Trd, 258954.183, 112
Trd, 258954.283, 96
Trd, 258954.417, 118
Trd, 258954.650, 98
Trd, 258954.933, 96
Trd, 258955.967, 127
Trd, 258956.850, 114
Trd, 258957.767, 114
Trd, 258957.983, 106
Trd, 258958.000, 117
Trd, 258958.017, 105
Trd, 258958.250, 117
Trd, 258958.967, 109
Trd, 258959.017, 104
Trd, 258959.317, 102
Trd, 258959.367, 101
Trd, 258959.517, 112
Trd, 258959.617, 96
Trd, 258961.083, 104
Trd, 258961.217, 102
Trd, 258961.500, 101
Trd, 258962.033, 112
Trd, 258962.217, 105
Trd, 258962.233, 101
Trd, 258962.783, 103
Trd, 258962.900, 107
Trd, 258963.150, 98
Trd, 258964.067, 96
Trd, 258965.200, 105
Trd, 258965.583, 108
Trd, 258965.667, 95
Trd, 258966.117, 95
Trd, 258967.033, 106
Trd, 258967.067, 124
Trd, 258967.350, 99
Trd, 258968.017, 100
Trd, 258968.050, 88
Trd, 258968.117, 87
Trd, 258969.400, 102
Trd, 258969.550, 103
Trd, 258969.700, 101
Trd, 258970.050, 96
Trd, 258970.867, 103
Trd, 258971.167, 106
Trd, 258971.383, 109
Trd, 258971.500, 96
Trd, 258972.800, 111
Trd, 258973.200, 102
Trd, 258973.417, 112
Trd, 258973.550, 106
Trd, 258973.733, 101
Trd, 258973.817, 100
Trd, 258973.917, 104
Trd, 258974.433, 98
Trd, 258974.883, 98
Trd, 258974.967, 97
Trd, 258975.083, 95
Trd, 258975.217, 128
Trd, 258975.500, 128
Trd, 258976.633, 113
Trd, 258976.667, 106
Trd, 258976.817, 93
Trd, 258977.400, 105
Trd, 258978.017, 108
Trd, 258978.533, 116
Trd, 258979.167, 108
Trd, 258979.250, 118
Trd, 258979.633, 97
Trd, 258979.767, 95
Trd, 258979.900, 90
Trd, 258980.200, 88
Trd, 258980.917, 127
Trd, 258981.600, 104
Trd, 258981.800, 105
Trd, 258982.083, 101
Trd, 258982.383, 100
Trd, 258983.100, 125
Trd, 258983.733, 105
Trd, 258983.767, 128
Trd, 258984.267, 109
Trd, 258984.500, 98
Trd, 258984.950, 108
Trd, 258985.083, 107
Trd, 258986.300, 99
Trd, 258986.350, 98
Trd, 258986.517, 108
Trd, 258987.250, 100
Trd, 258987.567, 101
Trd, 258988.133, 100
Trd, 258988.217, 101
Trd, 258988.333, 98
Trd, 258988.517, 97
Trd, 258988.550, 108
Trd, 258988.617, 112
Trd, 258989.167, 97
Trd, 258989.183, 96
Trd, 258989.233, 95
Trd, 258989.600, 103
Trd, 258990.650, 96
Trd, 258991.117, 129
Trd, 258992.033, 124
Trd, 258992.317, 122
Trd, 258992.600, 114
Trd, 258992.917, 95
Trd, 258995.000, 105
Trd, 258995.450, 108
Trd, 258996.433, 113
Trd, 258996.850, 109
Trd, 258997.117, 105
Trd, 258997.700, 104
Trd, 258997.817, 101
Trd, 258998.467, 109
Trd, 258998.567, 110
Trd, 258998.667, 117
Trd, 258999.233, 108
Trd, 258999.300, 106
Trd, 258999.533, 104
Trd, 258999.583, 101
Trd, 258999.983, 98
Trd, 259001.400, 115
Trd, 259001.683, 117
Trd, 259001.767, 99
Trd, 259002.167, 105
Trd, 259002.200, 98
Trd, 259003.000, 97
Trd, 259003.050, 106
Trd, 259003.100, 107
Trd, 259004.033, 114
Trd, 259004.267, 98
Trd, 259004.617, 97
Trd, 259004.817, 96
Trd, 259004.850, 95
Trd, 259005.583, 127
Trd, 259006.383, 120
Trd, 259006.667, 122
Trd, 259006.917, 93
Trd, 259007.217, 122
Trd, 259007.617, 115
Trd, 259007.667, 114
Trd, 259008.067, 112
Trd, 259008.117, 106
Trd, 259009.167, 104
Trd, 259009.183, 121
Trd, 259009.983, 98
Trd, 259010.233, 94
Trd, 259011.633, 118
Trd, 259011.667, 115
Trd, 259011.867, 127
Trd, 259011.900, 120
Trd, 259012.717, 112
Trd, 259012.750, 101
Trd, 259013.283, 106
Trd, 259013.350, 97
Trd, 259013.367, 93
Trd, 259013.983, 120
Trd, 259014.317, 122
Trd, 259014.350, 116
Trd, 259014.483, 112
Trd, 259014.717, 104
Trd, 259015.533, 96
Trd, 259016.000, 106
Trd, 259016.133, 104
Trd, 259017.917, 104
Trd, 259018.633, 107
Trd, 259018.700, 104
Trd, 259018.767, 110
Trd, 259019.133, 103
Trd, 259019.350, 111
Trd, 259019.533, 108
Trd, 259020.100, 109
Trd, 259020.150, 103
Trd, 259020.267, 118
Trd, 259020.450, 105
Trd, 259020.567, 101
Trd, 259020.600, 98
Trd, 259021.150, 117
Trd, 259021.200, 95
Trd, 259021.367, 126
Trd, 259021.650, 108
Trd, 259022.783, 129
Trd, 259023.367, 128
Trd, 259024.467, 115
Trd, 259024.600, 112
Trd, 259025.267, 102
Trd, 259025.700, 123
Trd, 259026.317, 115
Trd, 259026.550, 105
Trd, 259026.733, 101
Trd, 259026.867, 123
Trd, 259027.167, 105
Trd, 259027.417, 104
Trd, 259027.450, 106
Trd, 259027.517, 96
Trd, 259027.550, 95
Trd, 259029.417, 95
Trd, 259029.717, 121
Trd, 259030.083, 96
Trd, 259030.450, 122
Trd, 259030.817, 107
Trd, 259031.183, 115
Trd, 259031.717, 111
Trd, 259032.050, 121
Trd, 259032.367, 108
Trd, 259032.733, 108
Trd, 259033.300, 112
Trd, 259034.083, 106
Trd, 259034.750, 116
Trd, 259034.950, 115
Trd, 259034.967, 104
Trd, 259035.400, 112
Trd, 259035.583, 116
Trd, 259035.700, 111
Trd, 259036.183, 123
Trd, 259036.333, 107
Trd, 259037.317, 116
Trd, 259038.217, 112
Trd, 259038.783, 106
Trd, 259038.900, 112
Trd, 259039.017, 120
Trd, 259039.033, 102
Trd, 259039.167, 101
Trd, 259040.200, 100
Trd, 259040.233, 90
Trd, 259040.433, 98
Trd, 259040.617, 102
Trd, 259040.633, 104
Trd, 259040.900, 96
Trd, 259040.950, 88
Trd, 259041.050, 87
Trd, 259042.117, 112
Trd, 259042.400, 111
Trd, 259042.550, 123
Trd, 259042.583, 104
Trd, 259043.017, 126
Trd, 259043.383, 123
Trd, 259044.217, 115
Trd, 259044.667, 118
Trd, 259045.850, 116
Trd, 259045.933, 111
Trd, 259046.033, 104
Trd, 259046.833, 107
Trd, 259047.333, 106
Trd, 259047.750, 111
Trd, 259047.783, 103
Trd, 259047.867, 101
Trd, 259047.950, 97
Trd, 259048.517, 95
Trd, 259048.550, 93
Trd, 259048.750, 111
Trd, 259048.950, 87
Trd, 259049.150, 112
Trd, 259049.433, 107
Trd, 259049.883, 96
Trd, 259050.833, 97
Trd, 259051.000, 120
Trd, 259051.450, 116
Trd, 259051.650, 100
Trd, 259052.117, 100
Trd, 259052.800, 114
Trd, 259053.650, 114
Trd, 259053.717, 124
Trd, 259053.767, 113
Trd, 259053.800, 112
Trd, 259054.317, 106
Trd, 259054.550, 101
Trd, 259054.883, 99
Trd, 259056.600, 98
Trd, 259056.717, 107
Trd, 259057.333, 96
Trd, 259057.600, 95
Trd, 259058.267, 96
Trd, 259058.367, 93
Trd, 259058.417, 97
Trd, 259058.617, 98
Trd, 259058.983, 92
Trd, 259059.417, 101
Trd, 259059.717, 93
Trd, 259060.017, 103
Trd, 259060.683, 106
Trd, 259060.700, 107
Trd, 259060.783, 115
Trd, 259060.867, 90
Trd, 259060.967, 88
Trd, 259061.817, 90
Trd, 259062.100, 97
Trd, 259062.267, 106
Trd, 259062.417, 98
Trd, 259063.000, 99
Trd, 259063.067, 112
Trd, 259063.450, 93
Trd, 259063.950, 109
Trd, 259064.450, 101
Trd, 259066.367, 105
Trd, 259066.450, 101
Trd, 259066.883, 102
Trd, 259067.317, 101
Trd, 259067.517, 103
Trd, 259067.550, 108
Trd, 259067.967, 101
Trd, 259068.117, 97
Trd, 259068.567, 123
Trd, 259069.033, 96
Trd, 259069.400, 105
Trd, 259070.550, 119
Trd, 259070.567, 106
Trd, 259070.750, 97
Trd, 259070.767, 91
Trd, 259071.067, 121
Trd, 259071.083, 86
Trd, 259071.517, 107
Trd, 259071.817, 108
Trd, 259072.717, 105
Trd, 259073.117, 105
Trd, 259073.283, 106
Trd, 259073.500, 115
Trd, 259074.183, 105
Trd, 259074.250, 97
Trd, 259074.667, 113
Trd, 259075.917, 113
Trd, 259075.983, 114
Trd, 259076.350, 106
Trd, 259076.850, 103
Trd, 259077.233, 101
Trd, 259077.633, 99
Trd, 259078.033, 95
Trd, 259078.633, 104
Trd, 259079.283, 116
Trd, 259079.383, 117
Trd, 259079.450, 92
Trd, 259079.567, 116
Trd, 259079.967, 101
Trd, 259080.233, 97
Trd, 259080.250, 91
Trd, 259080.417, 90
Trd, 259080.567, 88
Trd, 259080.683, 87
Trd, 259081.600, 102
Trd, 259081.617, 94
Trd, 259081.717, 80
Trd, 259082.083, 84
Trd, 259082.283, 84
Trd, 259082.533, 103
Trd, 259082.967, 104
Trd, 259083.683, 106
Trd, 259084.433, 116
Trd, 259084.667, 105
Trd, 259084.817, 106
Trd, 259085.950, 108
Trd, 259086.150, 107
Trd, 259086.233, 104
Trd, 259086.517, 119
Trd, 259086.683, 106
Trd, 259086.850, 117
Trd, 259087.450, 111
Trd, 259087.850, 110
Trd, 259088.500, 102
Trd, 259088.767, 107
Trd, 259088.933, 102
Trd, 259089.783, 108
Trd, 259090.333, 102
Trd, 259091.233, 102
Trd, 259091.250, 103
Trd, 259091.850, 128
Trd, 259092.033, 110
Trd, 259092.233, 124
Trd, 259092.417, 119
Trd, 259092.600, 101
Trd, 259093.050, 128
Trd, 259093.217, 106
Trd, 259093.367, 105
Trd, 259093.417, 99
Trd, 259093.867, 100
Trd, 259095.100, 110
Trd, 259095.800, 106
Trd, 259096.833, 116
Trd, 259097.317, 115
Trd, 259097.450, 124
Trd, 259097.467, 96
Trd, 259097.567, 94
Trd, 259097.800, 95
Trd, 259098.133, 105
Trd, 259098.667, 96
Trd, 259098.767, 111
Trd, 259098.917, 95
Trd, 259099.683, 112
Trd, 259099.900, 93
Trd, 259100.300, 123
Trd, 259100.950, 101
Trd, 259101.433, 122
Trd, 259101.600, 116
Trd, 259102.983, 95
Trd, 259103.150, 91
Trd, 259103.517, 124
Trd, 259103.700, 123
Trd, 259103.817, 123
Trd, 259104.633, 105
Trd, 259105.400, 100
Trd, 259106.050, 99
Trd, 259106.083, 106
Trd, 259106.133, 107
Trd, 259106.733, 100
Trd, 259107.117, 99
Trd, 259107.800, 95
Trd, 259107.850, 94
Trd, 259107.900, 113
Trd, 259108.100, 116
Trd, 259108.750, 106
Trd, 259109.100, 117
Trd, 259109.400, 118
Trd, 259109.700, 103
Trd, 259110.317, 112
Trd, 259110.433, 102
Trd, 259110.850, 126
Trd, 259111.267, 101
Trd, 259111.467, 101
Trd, 259111.500, 104
Trd, 259111.883, 98
Trd, 259112.783, 124
Trd, 259112.950, 95
Trd, 259113.050, 101
Trd, 259113.083, 115
Trd, 259113.300, 93
Trd, 259114.133, 127
Trd, 259114.617, 99
Trd, 259115.017, 102
Trd, 259115.250, 102
Trd, 259116.133, 106
Trd, 259116.217, 108
Trd, 259116.350, 111
Trd, 259116.367, 102
Trd, 259116.867, 112
Trd, 259117.300, 108
Trd, 259118.000, 106
Trd, 259118.083, 105
Trd, 259118.267, 104
Trd, 259118.817, 98
Trd, 259119.267, 105
Trd, 259119.500, 99
Trd, 259119.817, 107
Trd, 259120.650, 106
Trd, 259121.883, 101
Trd, 259121.917, 100
Trd, 259122.333, 97
Trd, 259122.383, 95
Trd, 259122.433, 125
Trd, 259122.783, 93
Trd, 259123.083, 91
Trd, 259123.700, 90
Trd, 259124.000, 116
Trd, 259124.033, 121
Trd, 259125.317, 110
Trd, 259125.450, 96
Trd, 259125.783, 100
Trd, 259125.833, 99
Trd, 259125.983, 103
Trd, 259126.267, 103
Trd, 259126.483, 111
Trd, 259127.550, 107
Trd, 259127.717, 106
Trd, 259127.900, 104
Trd, 259128.300, 116
Trd, 259128.800, 104
Trd, 259128.967, 103
Trd, 259129.100, 104
Trd, 259130.017, 103
Trd, 259130.133, 102
Trd, 259130.217, 101
Trd, 259130.500, 105
Trd, 259131.700, 106
Trd, 259131.883, 107
Trd, 259132.083, 107
Trd, 259132.250, 95
Trd, 259132.767, 102
Trd, 259133.000, 93
Trd, 259133.217, 109
Trd, 259134.250, 104
Trd, 259134.317, 101
Trd, 259134.367, 100
Trd, 259134.867, 105
Trd, 259135.000, 99
Trd, 259135.700, 112
Trd, 259135.783, 101
Trd, 259136.217, 117
Trd, 259136.550, 106
Trd, 259136.817, 102
Trd, 259136.867, 101
Trd, 259137.033, 97
Trd, 259137.850, 118
Trd, 259138.700, 95
Trd, 259139.767, 107
Trd, 259140.083, 107
Trd, 259140.133, 110
Trd, 259140.150, 112
Trd, 259140.633, 110
Trd, 259141.083, 115
Trd, 259141.200, 106
Trd, 259141.800, 105
Trd, 259142.200, 105
Trd, 259142.350, 112
Trd, 259143.317, 110
Trd, 259143.400, 109
Trd, 259143.533, 112
Trd, 259143.833, 103
Trd, 259143.850, 101
Trd, 259144.017, 98
Trd, 259145.450, 97
Trd, 259145.600, 103
Trd, 259145.783, 99
Trd, 259146.117, 103
Trd, 259146.233, 98
Trd, 259146.433, 88
Trd, 259146.650, 87
Trd, 259146.683, 104
Trd, 259146.817, 125
Trd, 259147.050, 128
Trd, 259147.250, 90
Trd, 259147.517, 79
Trd, 259148.133, 132
Trd, 259148.383, 107
Trd, 259149.500, 106
Trd, 259149.800, 107
Trd, 259150.083, 96
Trd, 259150.100, 95
Trd, 259150.367, 99
Trd, 259150.400, 125
Trd, 259150.583, 115
Trd, 259150.917, 103
Trd, 259151.150, 123
Trd, 259151.533, 102
Trd, 259151.900, 102
Trd, 259152.317, 110
Trd, 259153.467, 120
Trd, 259153.850, 106
Trd, 259154.000, 105
Trd, 259154.250, 128
Trd, 259154.400, 101
Trd, 259154.833, 95
Trd, 259155.317, 97
Trd, 259155.500, 105
Trd, 259156.017, 96
Trd, 259156.700, 107
Trd, 259156.850, 109
Trd, 259156.917, 111
Trd, 259157.467, 106
Trd, 259157.833, 112
Trd, 259158.467, 116
Trd, 259158.933, 106
Trd, 259159.133, 104
Trd, 259159.600, 128
Trd, 259159.867, 105
Trd, 259160.250, 101
Trd, 259160.550, 122
Trd, 259161.183, 102
Trd, 259161.283, 97
Trd, 259161.683, 108
Trd, 259161.917, 97
Trd, 259161.967, 112
Trd, 259162.200, 95
Trd, 259163.100, 105
Trd, 259163.283, 110
Trd, 259163.967, 109
Trd, 259164.100, 104
Trd, 259164.133, 112
Trd, 259164.983, 107
Trd, 259165.133, 103
Trd, 259165.167, 119
Trd, 259165.483, 111
Trd, 259165.800, 120
Trd, 259166.400, 102
Trd, 259167.033, 98
Trd, 259167.400, 95
Trd, 259167.950, 105
Trd, 259168.017, 104
Trd, 259168.467, 106
Trd, 259168.550, 107
Trd, 259168.667, 108
Trd, 259168.733, 101
Trd, 259168.783, 99
Trd, 259169.150, 95
Trd, 259170.800, 124
Trd, 259171.400, 126
Trd, 259171.500, 123
Trd, 259171.900, 109
Trd, 259172.100, 96
Trd, 259172.717, 94
Trd, 259174.250, 106
Trd, 259174.300, 99
Trd, 259174.317, 112
Trd, 259174.583, 117
Trd, 259175.467, 116
Trd, 259175.917, 116
Trd, 259176.917, 110
Trd, 259176.933, 108
Trd, 259177.100, 108
Trd, 259177.417, 123
Trd, 259177.933, 125
Trd, 259178.117, 106
Trd, 259178.450, 106
Trd, 259178.633, 104
Trd, 259179.633, 99
Trd, 259180.067, 100
Trd, 259180.100, 98
Trd, 259180.233, 95
Trd, 259180.783, 93
Trd, 259180.883, 90
Trd, 259181.400, 109
Trd, 259182.617, 110
Trd, 259182.733, 109
Trd, 259183.300, 107
Trd, 259184.400, 107
Trd, 259184.650, 98
Trd, 259184.717, 106
Trd, 259184.967, 101
Trd, 259185.517, 105
Trd, 259185.683, 110
Trd, 259186.117, 105
Trd, 259186.217, 111
Trd, 259186.233, 112
Trd, 259186.583, 104
Trd, 259186.700, 95
Trd, 259187.017, 93
Trd, 259187.067, 120
Trd, 259188.050, 102
Trd, 259188.717, 127
Trd, 259189.717, 99
Trd, 259189.883, 97
Trd, 259190.017, 99
Trd, 259190.117, 98
Trd, 259190.233, 104
Trd, 259191.117, 123
Trd, 259191.800, 117
Trd, 259192.150, 114
Trd, 259192.333, 110
Trd, 259193.233, 119
Trd, 259193.433, 105
Trd, 259193.533, 101
Trd, 259193.567, 120
Trd, 259193.667, 121
Trd, 259194.567, 96
Trd, 259194.750, 95
Trd, 259194.900, 95
Trd, 259195.317, 95
Trd, 259195.650, 94
Trd, 259195.850, 95
Trd, 259196.067, 99
Trd, 259196.417, 93
Trd, 259196.483, 101
Trd, 259197.950, 114
Trd, 259198.150, 107
Trd, 259198.283, 106
Trd, 259198.583, 101
Trd, 259199.333, 105
Trd, 259199.900, 106
