Trd, 258502.683, 101
Trd, 258503.550, 101
Trd, 258504.417, 96
Trd, 258505.133, 100
Trd, 258505.367, 99
Trd, 258505.650, 100
Trd, 258505.900, 97
Trd, 258506.583, 98
Trd, 258507.183, 94
Trd, 258507.800, 94
Trd, 258508.817, 95
Trd, 258508.883, 96
Trd, 258509.350, 96
Trd, 258509.583, 93
Trd, 258510.317, 97
Trd, 258510.417, 94
Trd, 258510.633, 98
Trd, 258511.150, 97
Trd, 258511.167, 96
Trd, 258512.550, 96
Trd, 258512.967, 99
Trd, 258513.300, 97
Trd, 258513.850, 99
Trd, 258515.217, 100
Trd, 258515.267, 98
Trd, 258515.867, 93
Trd, 258516.283, 96
Trd, 258516.467, 94
Trd, 258517.183, 103
Trd, 258517.300, 101
Trd, 258517.483, 95
Trd, 258517.500, 94
Trd, 258517.567, 95
Trd, 258517.683, 106
Trd, 258517.717, 109
Trd, 258518.567, 106
Trd, 258519.117, 96
Trd, 258520.283, 96
Trd, 258520.450, 93
Trd, 258520.667, 97
Trd, 258520.800, 90
Trd, 258522.117, 97
Trd, 258522.150, 98
Trd, 258522.267, 100
Trd, 258522.783, 100
Trd, 258523.283, 97
Trd, 258523.717, 94
Trd, 258523.783, 94
Trd, 258524.667, 95
Trd, 258525.250, 96
Trd, 258525.267, 98
Trd, 258525.383, 93
Trd, 258525.633, 93
Trd, 258525.733, 92
Trd, 258526.133, 95
Trd, 258527.317, 93
Trd, 258527.467, 93
Trd, 258527.567, 96
Trd, 258527.583, 92
Trd, 258527.800, 91
Trd, 258528.000, 96
Trd, 258528.400, 93
Trd, 258528.783, 92
Trd, 258529.533, 99
Trd, 258529.600, 90
Trd, 258530.750, 103
Trd, 258531.200, 98
Trd, 258531.283, 97
Trd, 258531.617, 101
Trd, 258531.900, 93
Trd, 258532.733, 93
Trd, 258533.050, 93
Trd, 258533.667, 94
Trd, 258534.133, 96
Trd, 258534.250, 100
Trd, 258535.850, 99
Trd, 258535.967, 98
Trd, 258536.550, 104
Trd, 258536.700, 109
Trd, 258537.433, 101
Trd, 258537.467, 100
Trd, 258538.150, 105
Trd, 258538.350, 101
Trd, 258538.733, 107
Trd, 258539.333, 95
Trd, 258539.950, 93
Trd, 258540.017, 94
Trd, 258540.650, 94
Trd, 258540.817, 92
Trd, 258540.850, 93
Trd, 258541.883, 91
Trd, 258542.267, 90
Trd, 258542.400, 95
Trd, 258542.600, 101
Trd, 258543.233, 98
Trd, 258543.700, 92
Trd, 258544.133, 106
Trd, 258544.500, 91
Trd, 258544.633, 96
Trd, 258546.017, 95
Trd, 258546.350, 90
Trd, 258547.133, 88
Trd, 258547.217, 87
Trd, 258547.417, 86
Trd, 258548.483, 102
Trd, 258548.583, 107
Trd, 258548.633, 101
Trd, 258548.950, 101
Trd, 258549.033, 102
Trd, 258549.133, 99
Trd, 258550.533, 94
Trd, 258551.083, 96
Trd, 258551.467, 98
Trd, 258551.517, 98
Trd, 258552.083, 101
Trd, 258553.467, 95
Trd, 258553.517, 96
Trd, 258554.217, 95
Trd, 258554.317, 94
Trd, 258554.333, 95
Trd, 258554.667, 93
Trd, 258554.783, 90
Trd, 258555.150, 94
Trd, 258555.433, 101
Trd, 258556.083, 82
Trd, 258556.283, 108
Trd, 258556.917, 91
Trd, 258557.250, 108
Trd, 258558.017, 95
Trd, 258558.267, 93
Trd, 258558.283, 104
Trd, 258558.333, 111
Trd, 258558.367, 90
Trd, 258558.683, 90
Trd, 258559.417, 107
Trd, 258560.517, 90
Trd, 258560.867, 93
Trd, 258561.083, 93
Trd, 258562.167, 94
Trd, 258562.317, 94
Trd, 258562.417, 94
Trd, 258562.617, 94
Trd, 258562.800, 93
Trd, 258563.033, 88
Trd, 258564.033, 86
Trd, 258564.167, 91
Trd, 258565.050, 95
Trd, 258565.200, 94
Trd, 258565.517, 94
Trd, 258565.583, 95
Trd, 258565.733, 98
Trd, 258566.083, 94
Trd, 258566.767, 94
Trd, 258567.567, 96
Trd, 258567.967, 98
Trd, 258568.417, 101
Trd, 258568.483, 106
Trd, 258569.283, 100
Trd, 258569.333, 99
Trd, 258569.883, 98
Trd, 258569.933, 98
Trd, 258570.033, 95
Trd, 258570.067, 108
Trd, 258570.300, 109
Trd, 258570.967, 106
Trd, 258571.250, 107
Trd, 258571.700, 106
Trd, 258571.917, 103
Trd, 258572.250, 102
Trd, 258572.867, 107
Trd, 258573.067, 102
Trd, 258573.717, 95
Trd, 258574.133, 99
Trd, 258574.367, 98
Trd, 258574.533, 96
Trd, 258575.250, 96
Trd, 258575.700, 101
Trd, 258576.133, 97
Trd, 258576.617, 95
Trd, 258577.233, 95
Trd, 258577.383, 96
Trd, 258578.083, 93
Trd, 258578.983, 93
Trd, 258580.083, 91
Trd, 258580.850, 96
Trd, 258581.633, 96
Trd, 258581.683, 95
Trd, 258581.783, 87
Trd, 258581.850, 97
Trd, 258582.083, 101
Trd, 258582.500, 83
Trd, 258583.450, 98
Trd, 258583.633, 99
Trd, 258583.700, 92
Trd, 258584.250, 87
Trd, 258584.467, 88
Trd, 258584.750, 98
Trd, 258585.367, 99
Trd, 258585.767, 98
Trd, 258586.083, 97
Trd, 258586.117, 99
Trd, 258586.717, 102
Trd, 258586.767, 108
Trd, 258587.767, 95
Trd, 258588.983, 92
Trd, 258589.083, 90
Trd, 258589.100, 94
Trd, 258589.700, 98
Trd, 258591.017, 106
Trd, 258591.100, 104
Trd, 258591.567, 105
Trd, 258591.717, 102
Trd, 258591.867, 103
Trd, 258592.333, 103
Trd, 258592.600, 103
Trd, 258593.133, 100
Trd, 258593.217, 101
Trd, 258593.467, 93
Trd, 258593.583, 102
Trd, 258593.733, 93
Trd, 258594.550, 94
Trd, 258594.900, 90
Trd, 258595.833, 94
Trd, 258596.133, 93
Trd, 258596.867, 91
Trd, 258598.750, 96
Trd, 258599.017, 97
Trd, 258599.317, 98
Trd, 258599.617, 98
Trd, 258599.700, 96
Trd, 258599.733, 101
Trd, 258599.900, 94
Trd, 258600.017, 93
Trd, 258600.333, 93
Trd, 258600.400, 98
Trd, 258600.617, 98
Trd, 258601.633, 92
Trd, 258601.900, 92
Trd, 258602.283, 91
Trd, 258602.433, 99
Trd, 258602.750, 92
Trd, 258602.933, 98
Trd, 258603.500, 97
Trd, 258603.817, 93
Trd, 258604.333, 99
Trd, 258605.000, 97
Trd, 258605.183, 94
Trd, 258605.300, 104
Trd, 258605.400, 93
Trd, 258607.150, 94
Trd, 258607.367, 98
Trd, 258607.567, 97
Trd, 258607.750, 92
Trd, 258607.783, 90
Trd, 258608.767, 94
Trd, 258608.800, 89
Trd, 258609.833, 93
Trd, 258610.600, 97
Trd, 258611.050, 97
Trd, 258611.267, 96
Trd, 258611.500, 98
Trd, 258611.867, 109
Trd, 258612.200, 99
Trd, 258612.317, 111
Trd, 258613.183, 95
Trd, 258614.000, 100
Trd, 258614.133, 96
Trd, 258614.517, 94
Trd, 258615.150, 95
Trd, 258615.850, 95
Trd, 258616.033, 95
Trd, 258616.050, 97
Trd, 258616.117, 94
Trd, 258617.300, 99
Trd, 258617.517, 102
Trd, 258617.550, 94
Trd, 258617.633, 93
Trd, 258618.067, 91
Trd, 258618.083, 103
Trd, 258618.167, 109
Trd, 258618.800, 93
Trd, 258619.500, 88
Trd, 258620.367, 93
Trd, 258620.950, 93
Trd, 258622.083, 92
Trd, 258622.117, 91
Trd, 258622.333, 91
Trd, 258622.433, 90
Trd, 258622.517, 92
Trd, 258622.600, 100
Trd, 258623.183, 91
Trd, 258623.417, 83
Trd, 258624.550, 93
Trd, 258625.267, 96
Trd, 258625.467, 97
Trd, 258625.533, 92
Trd, 258626.033, 93
Trd, 258626.333, 100
Trd, 258626.367, 91
Trd, 258626.483, 101
Trd, 258626.917, 95
Trd, 258627.217, 106
Trd, 258627.500, 92
Trd, 258627.567, 90
Trd, 258627.867, 100
Trd, 258628.200, 110
Trd, 258628.900, 107
Trd, 258628.933, 90
Trd, 258629.150, 96
Trd, 258629.167, 100
Trd, 258630.017, 103
Trd, 258630.267, 91
Trd, 258630.783, 92
Trd, 258630.933, 91
Trd, 258631.767, 92
Trd, 258632.417, 92
Trd, 258632.483, 93
Trd, 258632.600, 91
Trd, 258635.317, 90
Trd, 258635.617, 90
Trd, 258636.050, 95
Trd, 258636.850, 98
Trd, 258636.967, 92
Trd, 258637.500, 92
Trd, 258637.617, 96
Trd, 258637.800, 99
Trd, 258637.817, 93
Trd, 258638.233, 99
Trd, 258638.983, 103
Trd, 258639.600, 101
Trd, 258639.950, 100
Trd, 258640.017, 98
Trd, 258640.267, 101
Trd, 258641.533, 98
Trd, 258641.983, 98
Trd, 258642.050, 97
Trd, 258642.133, 93
Trd, 258642.317, 100
Trd, 258642.833, 106
Trd, 258643.183, 97
Trd, 258643.433, 114
Trd, 258644.333, 100
Trd, 258644.483, 90
Trd, 258644.917, 102
Trd, 258645.133, 90
Trd, 258646.133, 96
Trd, 258646.367, 96
Trd, 258646.650, 105
Trd, 258646.717, 95
Trd, 258647.617, 108
Trd, 258647.683, 108
Trd, 258647.800, 93
Trd, 258648.250, 96
Trd, 258648.383, 92
Trd, 258648.733, 95
Trd, 258649.167, 95
Trd, 258650.033, 95
Trd, 258650.467, 100
Trd, 258650.533, 97
Trd, 258650.617, 103
Trd, 258650.750, 94
Trd, 258651.667, 103
Trd, 258652.033, 100
Trd, 258652.133, 90
Trd, 258652.383, 104
Trd, 258653.733, 102
Trd, 258653.900, 101
Trd, 258654.050, 101
Trd, 258654.067, 103
Trd, 258654.917, 93
Trd, 258655.233, 92
Trd, 258656.100, 93
Trd, 258656.517, 93
Trd, 258656.550, 94
Trd, 258657.083, 93
Trd, 258657.533, 95
Trd, 258658.050, 89
Trd, 258658.100, 106
Trd, 258658.200, 90
Trd, 258658.500, 88
Trd, 258658.850, 109
Trd, 258659.283, 113
Trd, 258659.883, 112
Trd, 258661.867, 95
Trd, 258662.133, 96
Trd, 258662.533, 97
Trd, 258662.700, 99
Trd, 258663.000, 95
Trd, 258663.017, 98
Trd, 258663.183, 94
Trd, 258664.233, 96
Trd, 258664.250, 95
Trd, 258664.400, 93
Trd, 258664.417, 100
Trd, 258664.583, 101
Trd, 258664.617, 92
Trd, 258665.117, 105
Trd, 258665.617, 93
Trd, 258666.667, 116
Trd, 258666.750, 94
Trd, 258666.933, 95
Trd, 258667.600, 101
Trd, 258667.617, 100
Trd, 258668.133, 106
Trd, 258668.600, 101
Trd, 258668.700, 113
Trd, 258669.000, 100
Trd, 258669.017, 100
Trd, 258669.683, 99
Trd, 258670.183, 100
Trd, 258670.883, 98
Trd, 258671.433, 97
Trd, 258671.550, 99
Trd, 258671.650, 98
Trd, 258671.900, 90
Trd, 258672.933, 92
Trd, 258672.967, 91
Trd, 258673.300, 90
Trd, 258673.633, 82
Trd, 258674.050, 91
Trd, 258675.117, 96
Trd, 258675.550, 98
Trd, 258676.550, 99
Trd, 258676.967, 100
Trd, 258677.000, 101
Trd, 258677.500, 100
Trd, 258678.117, 109
Trd, 258678.183, 104
Trd, 258678.300, 99
Trd, 258678.367, 98
Trd, 258679.233, 98
Trd, 258679.433, 91
Trd, 258680.467, 102
Trd, 258680.533, 98
Trd, 258680.683, 97
Trd, 258681.000, 95
Trd, 258681.367, 95
Trd, 258681.550, 104
Trd, 258681.750, 105
Trd, 258682.033, 109
Trd, 258683.333, 93
Trd, 258683.600, 109
Trd, 258683.900, 105
Trd, 258685.833, 94
Trd, 258686.233, 94
Trd, 258686.300, 93
Trd, 258687.017, 90
Trd, 258687.217, 92
Trd, 258687.633, 94
Trd, 258687.917, 95
Trd, 258688.183, 90
Trd, 258688.217, 100
Trd, 258688.683, 101
Trd, 258689.883, 95
Trd, 258690.417, 95
Trd, 258690.883, 97
Trd, 258691.017, 98
Trd, 258691.133, 101
Trd, 258691.150, 94
Trd, 258691.933, 94
Trd, 258691.967, 94
Trd, 258692.717, 107
Trd, 258693.233, 109
Trd, 258693.600, 117
Trd, 258694.067, 108
Trd, 258694.717, 106
Trd, 258694.867, 106
Trd, 258695.400, 107
Trd, 258695.483, 106
Trd, 258696.100, 103
Trd, 258697.050, 95
Trd, 258697.700, 96
Trd, 258697.733, 99
Trd, 258697.900, 99
Trd, 258698.283, 101
Trd, 258698.300, 104
Trd, 258698.500, 106
Trd, 258698.667, 95
Trd, 258698.750, 90
Trd, 258699.300, 82
Trd, 258699.350, 82
Trd, 258700.667, 80
Trd, 258701.400, 96
Trd, 258701.433, 97
Trd, 258701.783, 97
Trd, 258702.233, 99
Trd, 258702.450, 99
Trd, 258702.700, 94
Trd, 258704.267, 97
Trd, 258704.350, 101
Trd, 258704.767, 101
Trd, 258704.933, 101
Trd, 258705.550, 100
Trd, 258706.033, 95
Trd, 258706.267, 102
Trd, 258706.633, 107
Trd, 258706.683, 106
Trd, 258707.933, 106
Trd, 258708.133, 98
Trd, 258708.183, 96
Trd, 258708.383, 93
Trd, 258708.583, 101
Trd, 258708.933, 87
Trd, 258709.217, 100
Trd, 258709.333, 106
Trd, 258710.850, 106
Trd, 258711.267, 102
Trd, 258711.317, 100
Trd, 258711.533, 106
Trd, 258712.333, 95
Trd, 258712.450, 98
Trd, 258712.900, 95
Trd, 258712.917, 92
Trd, 258712.983, 92
Trd, 258713.767, 97
Trd, 258713.783, 98
Trd, 258714.067, 92
Trd, 258714.383, 87
Trd, 258715.600, 90
Trd, 258716.167, 93
Trd, 258716.850, 93
Trd, 258717.383, 94
Trd, 258717.400, 92
Trd, 258717.467, 92
Trd, 258717.617, 95
Trd, 258717.767, 85
Trd, 258718.100, 98
Trd, 258718.900, 86
Trd, 258719.217, 86
Trd, 258719.483, 87
Trd, 258719.733, 90
Trd, 258720.050, 88
Trd, 258720.850, 82
Trd, 258720.900, 93
Trd, 258721.667, 84
Trd, 258721.783, 94
Trd, 258722.533, 103
Trd, 258723.233, 94
Trd, 258723.333, 94
Trd, 258724.650, 95
Trd, 258724.917, 100
Trd, 258725.833, 94
Trd, 258726.583, 94
Trd, 258726.700, 96
Trd, 258727.083, 96
Trd, 258727.317, 96
Trd, 258728.317, 101
Trd, 258728.900, 95
Trd, 258729.233, 98
Trd, 258729.433, 103
Trd, 258729.700, 106
Trd, 258730.417, 91
Trd, 258730.667, 98
Trd, 258730.800, 104
Trd, 258730.850, 107
Trd, 258731.900, 107
Trd, 258731.950, 106
Trd, 258731.983, 95
Trd, 258732.567, 91
Trd, 258734.017, 97
Trd, 258734.467, 103
Trd, 258735.100, 99
Trd, 258735.817, 104
Trd, 258736.000, 93
Trd, 258736.367, 102
Trd, 258736.800, 92
Trd, 258737.333, 92
Trd, 258737.717, 92
Trd, 258737.950, 91
Trd, 258738.067, 97
Trd, 258738.267, 106
Trd, 258738.750, 93
Trd, 258739.133, 98
Trd, 258739.517, 93
Trd, 258740.367, 93
Trd, 258740.633, 91
Trd, 258741.417, 96
Trd, 258741.617, 97
Trd, 258742.183, 95
Trd, 258742.967, 99
Trd, 258743.133, 98
Trd, 258743.233, 103
Trd, 258743.250, 97
Trd, 258744.483, 95
Trd, 258744.650, 92
Trd, 258744.700, 92
Trd, 258745.083, 94
Trd, 258745.717, 91
Trd, 258745.900, 91
Trd, 258746.433, 93
Trd, 258747.650, 90
Trd, 258748.233, 95
Trd, 258748.567, 101
Trd, 258749.267, 96
Trd, 258749.483, 97
Trd, 258749.550, 98
Trd, 258749.783, 104
Trd, 258749.900, 99
Trd, 258750.483, 99
Trd, 258750.583, 92
Trd, 258750.900, 106
Trd, 258751.083, 108
Trd, 258751.750, 93
Trd, 258752.283, 108
Trd, 258752.433, 107
Trd, 258752.783, 106
Trd, 258753.033, 106
Trd, 258753.467, 105
Trd, 258754.350, 106
Trd, 258754.500, 101
Trd, 258754.567, 109
Trd, 258754.950, 122
Trd, 258755.133, 120
Trd, 258755.933, 114
Trd, 258756.100, 106
Trd, 258757.100, 110
Trd, 258757.200, 105
Trd, 258758.500, 108
Trd, 258758.533, 107
Trd, 258759.333, 98
Trd, 258759.600, 94
Trd, 258759.767, 93
Trd, 258759.850, 90
Trd, 258760.000, 103
Trd, 258760.817, 89
Trd, 258761.233, 99
Trd, 258761.500, 101
Trd, 258761.533, 93
Trd, 258762.000, 101
Trd, 258762.483, 91
Trd, 258762.900, 104
Trd, 258763.317, 93
Trd, 258764.917, 91
Trd, 258765.217, 92
Trd, 258765.350, 106
Trd, 258765.567, 106
Trd, 258766.167, 93
Trd, 258766.667, 100
Trd, 258767.600, 96
Trd, 258767.683, 95
Trd, 258768.333, 94
Trd, 258768.467, 93
Trd, 258768.717, 98
Trd, 258769.033, 94
Trd, 258769.167, 92
Trd, 258769.417, 94
Trd, 258770.100, 105
Trd, 258770.300, 113
Trd, 258770.917, 94
Trd, 258772.017, 105
Trd, 258772.317, 107
Trd, 258773.167, 106
Trd, 258773.867, 103
Trd, 258774.250, 102
Trd, 258774.567, 98
Trd, 258774.783, 100
Trd, 258775.083, 101
Trd, 258775.183, 96
Trd, 258775.817, 95
Trd, 258776.317, 95
Trd, 258776.500, 93
Trd, 258776.783, 91
Trd, 258777.350, 96
Trd, 258777.550, 94
Trd, 258778.117, 84
Trd, 258778.317, 86
Trd, 258779.217, 85
Trd, 258779.367, 87
Trd, 258779.583, 101
Trd, 258780.250, 105
Trd, 258780.633, 109
Trd, 258780.867, 112
Trd, 258782.400, 99
Trd, 258782.500, 102
Trd, 258782.700, 99
Trd, 258782.967, 104
Trd, 258783.050, 98
Trd, 258783.300, 97
Trd, 258783.650, 97
Trd, 258784.533, 94
Trd, 258785.167, 100
Trd, 258786.017, 97
Trd, 258786.117, 95
Trd, 258786.317, 99
Trd, 258786.733, 97
Trd, 258787.017, 99
Trd, 258787.483, 100
Trd, 258787.500, 103
Trd, 258787.700, 104
Trd, 258787.867, 99
Trd, 258788.267, 104
Trd, 258788.700, 96
Trd, 258789.050, 90
Trd, 258789.433, 91
Trd, 258790.450, 88
Trd, 258790.550, 93
Trd, 258791.300, 87
Trd, 258791.533, 100
Trd, 258791.650, 101
Trd, 258791.917, 87
Trd, 258792.217, 101
Trd, 258792.717, 91
Trd, 258793.800, 92
Trd, 258793.883, 96
Trd, 258793.933, 97
Trd, 258794.283, 99
Trd, 258795.183, 94
Trd, 258795.250, 103
Trd, 258795.750, 102
Trd, 258796.933, 97
Trd, 258797.233, 96
Trd, 258797.450, 95
Trd, 258797.483, 93
Trd, 258798.167, 93
Trd, 258798.283, 92
Trd, 258799.133, 97
Trd, 258799.233, 97
Trd, 258799.467, 104
Trd, 258800.233, 107
Trd, 258800.583, 96
Trd, 258801.317, 91
Trd, 258801.400, 91
Trd, 258801.967, 91
Trd, 258802.550, 98
Trd, 258803.467, 92
Trd, 258803.817, 96
Trd, 258804.167, 95
Trd, 258804.250, 92
Trd, 258804.317, 91
Trd, 258804.350, 98
Trd, 258804.467, 90
Trd, 258805.583, 101
Trd, 258806.150, 94
Trd, 258806.233, 90
Trd, 258807.450, 94
Trd, 258807.900, 103
Trd, 258808.350, 94
Trd, 258808.383, 92
Trd, 258808.450, 103
Trd, 258809.417, 87
Trd, 258809.517, 86
Trd, 258810.217, 102
Trd, 258810.233, 106
Trd, 258810.283, 94
Trd, 258810.950, 107
Trd, 258811.133, 104
Trd, 258811.650, 93
Trd, 258811.717, 90
Trd, 258812.000, 108
Trd, 258812.217, 109
Trd, 258813.800, 97
Trd, 258814.417, 99
Trd, 258814.433, 102
Trd, 258814.950, 98
Trd, 258815.183, 97
Trd, 258815.300, 98
Trd, 258815.967, 95
Trd, 258816.150, 94
Trd, 258816.767, 95
Trd, 258816.800, 94
Trd, 258816.933, 96
Trd, 258817.650, 95
Trd, 258817.717, 93
Trd, 258817.983, 99
Trd, 258819.283, 88
Trd, 258820.250, 103
Trd, 258820.917, 87
Trd, 258821.633, 95
Trd, 258821.950, 96
Trd, 258822.200, 96
Trd, 258822.267, 95
Trd, 258823.717, 99
Trd, 258823.867, 96
Trd, 258824.067, 97
Trd, 258824.917, 99
Trd, 258825.083, 98
Trd, 258826.183, 98
Trd, 258826.450, 98
Trd, 258826.483, 97
Trd, 258826.633, 97
Trd, 258827.150, 91
Trd, 258827.600, 99
Trd, 258827.717, 96
Trd, 258828.667, 91
Trd, 258829.050, 90
Trd, 258829.317, 101
Trd, 258829.650, 99
Trd, 258829.783, 95
Trd, 258830.383, 93
Trd, 258830.417, 89
Trd, 258830.950, 101
Trd, 258831.283, 90
Trd, 258831.383, 100
Trd, 258831.917, 99
Trd, 258832.217, 98
Trd, 258832.333, 93
Trd, 258833.633, 95
Trd, 258833.850, 94
Trd, 258834.333, 95
Trd, 258834.483, 95
Trd, 258834.667, 101
Trd, 258835.667, 98
Trd, 258836.300, 97
Trd, 258837.033, 95
Trd, 258837.350, 96
Trd, 258837.717, 95
Trd, 258837.817, 99
Trd, 258838.450, 99
Trd, 258838.517, 99
Trd, 258838.533, 101
Trd, 258838.583, 96
Trd, 258839.067, 98
Trd, 258839.917, 94
Trd, 258840.200, 93
Trd, 258840.400, 92
Trd, 258840.683, 94
Trd, 258841.083, 99
Trd, 258841.217, 105
Trd, 258841.967, 95
Trd, 258843.017, 104
Trd, 258843.267, 105
Trd, 258843.433, 99
Trd, 258844.733, 102
Trd, 258845.117, 98
Trd, 258845.133, 93
Trd, 258845.517, 100
Trd, 258846.050, 99
Trd, 258847.817, 95
Trd, 258848.317, 94
Trd, 258848.333, 95
Trd, 258848.617, 93
Trd, 258849.250, 101
Trd, 258849.450, 101
Trd, 258849.883, 92
Trd, 258850.250, 94
Trd, 258850.733, 100
Trd, 258850.750, 95
Trd, 258850.783, 103
Trd, 258851.617, 93
Trd, 258852.683, 102
Trd, 258852.817, 94
Trd, 258852.900, 93
Trd, 258853.633, 103
Trd, 258853.667, 86
Trd, 258853.783, 95
Trd, 258854.017, 100
Trd, 258854.383, 92
Trd, 258854.733, 89
Trd, 258854.967, 83
Trd, 258856.850, 92
Trd, 258856.900, 93
Trd, 258857.450, 103
Trd, 258857.983, 102
Trd, 258858.050, 104
Trd, 258858.450, 88
Trd, 258858.467, 84
Trd, 258859.400, 104
Trd, 258859.583, 104
Trd, 258859.650, 103
Trd, 258860.317, 105
Trd, 258860.367, 99
Trd, 258860.483, 106
Trd, 258860.617, 108
Trd, 258861.733, 109
Trd, 258862.217, 108
Trd, 258862.650, 115
Trd, 258862.683, 106
Trd, 258863.433, 107
Trd, 258863.633, 106
Trd, 258863.650, 104
Trd, 258864.017, 113
Trd, 258864.317, 102
Trd, 258864.517, 101
Trd, 258864.600, 93
Trd, 258864.700, 90
Trd, 258864.883, 89
Trd, 258865.117, 95
Trd, 258865.133, 109
Trd, 258865.400, 88
Trd, 258866.533, 86
Trd, 258866.700, 85
Trd, 258866.800, 87
Trd, 258867.783, 102
Trd, 258868.433, 105
Trd, 258868.583, 105
Trd, 258868.967, 104
Trd, 258869.517, 101
Trd, 258870.133, 93
Trd, 258870.467, 101
Trd, 258870.867, 91
Trd, 258871.100, 90
Trd, 258871.333, 93
Trd, 258871.450, 99
Trd, 258871.983, 91
Trd, 258872.067, 90
Trd, 258872.100, 89
Trd, 258873.117, 89
Trd, 258873.333, 85
Trd, 258873.400, 90
Trd, 258874.083, 88
Trd, 258874.583, 80
Trd, 258875.450, 80
Trd, 258876.033, 84
Trd, 258876.417, 89
Trd, 258877.000, 92
Trd, 258877.367, 90
Trd, 258877.483, 95
Trd, 258878.550, 91
Trd, 258879.050, 98
Trd, 258879.100, 99
Trd, 258879.667, 91
Trd, 258880.600, 92
Trd, 258880.950, 101
Trd, 258880.983, 94
Trd, 258881.083, 103
Trd, 258881.267, 90
Trd, 258881.500, 93
Trd, 258881.700, 92
Trd, 258882.833, 92
Trd, 258883.067, 101
Trd, 258883.133, 87
Trd, 258883.417, 100
Trd, 258883.767, 82
Trd, 258883.900, 103
Trd, 258884.217, 90
Trd, 258884.867, 106
Trd, 258885.600, 76
Trd, 258886.283, 98
Trd, 258886.733, 100
Trd, 258886.883, 100
Trd, 258887.183, 101
Trd, 258887.783, 101
Trd, 258887.850, 100
Trd, 258888.017, 99
Trd, 258888.217, 107
Trd, 258888.433, 104
Trd, 258888.517, 105
Trd, 258888.533, 108
Trd, 258889.183, 98
Trd, 258890.717, 93
Trd, 258890.850, 92
Trd, 258891.650, 99
Trd, 258892.067, 108
Trd, 258892.933, 107
Trd, 258893.517, 99
Trd, 258893.567, 108
Trd, 258893.933, 97
Trd, 258894.283, 107
Trd, 258894.867, 106
Trd, 258895.000, 102
Trd, 258895.300, 97
Trd, 258896.083, 96
Trd, 258896.850, 101
Trd, 258897.050, 109
Trd, 258897.400, 109
Trd, 258897.483, 108
Trd, 258897.517, 106
Trd, 258898.483, 105
Trd, 258899.583, 93
Trd, 258899.783, 104
Trd, 258900.300, 103
Trd, 258900.483, 95
Trd, 258901.083, 93
Trd, 258901.217, 102
Trd, 258901.750, 106
Trd, 258902.550, 94
Trd, 258902.700, 92
Trd, 258903.217, 92
Trd, 258903.767, 93
Trd, 258903.800, 96
Trd, 258904.000, 90
Trd, 258904.467, 96
Trd, 258904.567, 95
Trd, 258904.750, 99
Trd, 258905.183, 90
Trd, 258905.317, 109
Trd, 258905.450, 91
Trd, 258906.200, 100
Trd, 258907.333, 91
Trd, 258907.400, 92
Trd, 258908.233, 94
Trd, 258908.683, 93
Trd, 258908.933, 101
Trd, 258909.033, 102
Trd, 258910.117, 99
Trd, 258910.467, 100
Trd, 258910.567, 100
Trd, 258910.617, 101
Trd, 258910.967, 105
Trd, 258911.467, 100
Trd, 258911.633, 108
Trd, 258911.733, 95
Trd, 258912.150, 106
Trd, 258912.267, 108
Trd, 258912.533, 95
Trd, 258912.550, 91
Trd, 258912.667, 90
Trd, 258912.883, 107
Trd, 258913.117, 92
Trd, 258913.167, 108
Trd, 258913.517, 91
Trd, 258914.383, 93
Trd, 258915.983, 96
Trd, 258916.067, 102
Trd, 258916.533, 115
Trd, 258916.550, 109
Trd, 258916.800, 92
Trd, 258917.367, 90
Trd, 258917.783, 95
Trd, 258918.233, 95
Trd, 258918.250, 101
Trd, 258918.983, 94
Trd, 258919.333, 103
Trd, 258920.750, 99
Trd, 258920.817, 100
Trd, 258921.900, 98
Trd, 258922.100, 96
Trd, 258922.300, 97
Trd, 258922.450, 89
Trd, 258923.383, 93
Trd, 258923.433, 91
Trd, 258923.450, 95
Trd, 258923.683, 104
Trd, 258924.250, 93
Trd, 258924.950, 96
Trd, 258925.717, 94
Trd, 258926.100, 93
Trd, 258926.900, 93
Trd, 258927.017, 94
Trd, 258927.833, 94
Trd, 258928.333, 94
Trd, 258928.500, 97
Trd, 258928.583, 98
Trd, 258929.100, 113
Trd, 258929.500, 101
Trd, 258930.100, 98
Trd, 258930.500, 98
Trd, 258930.667, 113
Trd, 258931.050, 94
Trd, 258931.217, 93
Trd, 258931.833, 103
Trd, 258932.217, 103
Trd, 258932.267, 105
Trd, 258933.117, 96
Trd, 258933.283, 96
Trd, 258933.333, 99
Trd, 258933.833, 108
Trd, 258934.783, 103
Trd, 258935.283, 104
Trd, 258935.650, 107
Trd, 258935.833, 106
Trd, 258936.167, 106
Trd, 258936.317, 104
Trd, 258936.967, 92
Trd, 258937.683, 91
Trd, 258938.267, 107
Trd, 258938.383, 108
Trd, 258938.417, 106
Trd, 258938.667, 97
Trd, 258938.800, 92
Trd, 258938.833, 91
Trd, 258938.900, 102
Trd, 258940.767, 93
Trd, 258940.950, 96
Trd, 258941.717, 90
Trd, 258942.250, 94
Trd, 258942.900, 92
Trd, 258943.400, 95
Trd, 258943.517, 95
Trd, 258943.550, 103
Trd, 258943.850, 90
Trd, 258944.617, 94
Trd, 258944.800, 94
Trd, 258945.033, 94
Trd, 258945.200, 93
Trd, 258945.267, 90
Trd, 258945.733, 90
Trd, 258946.667, 104
Trd, 258946.883, 94
Trd, 258947.100, 96
Trd, 258947.967, 101
Trd, 258948.317, 102
Trd, 258948.383, 107
Trd, 258949.167, 106
Trd, 258949.183, 105
Trd, 258949.367, 104
Trd, 258949.750, 108
Trd, 258949.767, 109
Trd, 258949.950, 102
Trd, 258950.083, 93
Trd, 258950.283, 104
Trd, 258950.550, 90
Trd, 258950.650, 100
Trd, 258951.150, 100
Trd, 258951.900, 109
Trd, 258952.283, 111
Trd, 258953.083, 111
Trd, 258953.350, 112
Trd, 258953.400, 117
Trd, 258953.850, 110
Trd, 258953.933, 112
Trd, 258954.200, 109
Trd, 258954.767, 105
Trd, 258955.283, 97
Trd, 258956.300, 93
Trd, 258956.783, 95
Trd, 258957.433, 95
Trd, 258957.583, 94
Trd, 258958.150, 94
Trd, 258959.050, 95
Trd, 258959.433, 93
Trd, 258959.533, 94
Trd, 258959.833, 94
Trd, 258960.083, 95
Trd, 258960.167, 93
Trd, 258960.367, 92
Trd, 258960.950, 98
Trd, 258961.833, 96
Trd, 258962.233, 95
Trd, 258962.283, 92
Trd, 258962.383, 99
Trd, 258963.383, 99
Trd, 258963.517, 99
Trd, 258964.250, 99
Trd, 258964.617, 100
Trd, 258965.250, 99
Trd, 258965.400, 101
Trd, 258965.617, 103
Trd, 258965.733, 99
Trd, 258966.050, 96
Trd, 258967.300, 103
Trd, 258967.633, 105
Trd, 258967.767, 107
Trd, 258969.300, 98
Trd, 258969.333, 103
Trd, 258970.000, 99
Trd, 258970.100, 100
Trd, 258970.400, 102
Trd, 258970.667, 103
Trd, 258970.867, 98
Trd, 258971.050, 96
Trd, 258971.817, 98
Trd, 258972.133, 98
Trd, 258972.233, 109
Trd, 258972.550, 106
Trd, 258972.650, 95
Trd, 258973.450, 94
Trd, 258974.433, 94
Trd, 258974.950, 93
Trd, 258975.167, 95
Trd, 258975.833, 94
Trd, 258975.967, 95
Trd, 258976.467, 96
Trd, 258977.117, 104
Trd, 258977.267, 107
Trd, 258978.000, 99
Trd, 258978.083, 98
Trd, 258978.983, 93
Trd, 258980.117, 93
Trd, 258980.133, 91
Trd, 258980.183, 95
Trd, 258980.933, 91
Trd, 258981.967, 93
Trd, 258982.517, 90
Trd, 258982.867, 94
Trd, 258983.183, 93
Trd, 258984.067, 95
Trd, 258984.467, 96
Trd, 258984.833, 99
Trd, 258985.133, 99
Trd, 258985.317, 100
Trd, 258985.450, 108
Trd, 258985.917, 109
Trd, 258986.317, 100
Trd, 258986.433, 100
Trd, 258986.450, 99
Trd, 258987.283, 99
Trd, 258987.417, 99
Trd, 258987.800, 103
Trd, 258987.817, 96
Trd, 258988.117, 88
Trd, 258989.900, 85
Trd, 258990.000, 87
Trd, 258990.100, 88
Trd, 258991.250, 90
Trd, 258991.550, 96
Trd, 258991.783, 96
Trd, 258991.917, 89
Trd, 258992.217, 96
Trd, 258993.533, 97
Trd, 258993.817, 95
Trd, 258993.833, 99
Trd, 258993.900, 94
Trd, 258994.017, 101
Trd, 258995.017, 98
Trd, 258995.150, 97
Trd, 258995.433, 99
Trd, 258995.900, 96
Trd, 258996.133, 105
Trd, 258996.883, 104
Trd, 258997.050, 98
Trd, 258998.150, 101
Trd, 258998.433, 100
Trd, 258999.033, 99
Trd, 258999.117, 108
Trd, 258999.817, 100
Trd, 259001.100, 102
Trd, 259002.283, 102
Trd, 259002.733, 98
Trd, 259003.283, 103
Trd, 259003.433, 94
Trd, 259003.517, 105
Trd, 259004.000, 105
Trd, 259004.050, 98
Trd, 259004.400, 96
Trd, 259004.733, 97
Trd, 259005.383, 100
Trd, 259006.067, 100
Trd, 259006.450, 98
Trd, 259006.483, 99
Trd, 259006.550, 101
Trd, 259007.783, 105
Trd, 259007.833, 100
Trd, 259008.333, 97
Trd, 259008.383, 93
Trd, 259009.050, 97
Trd, 259009.183, 98
Trd, 259009.867, 93
Trd, 259010.900, 94
Trd, 259011.100, 94
Trd, 259011.900, 94
Trd, 259012.000, 95
Trd, 259012.283, 94
Trd, 259012.733, 93
Trd, 259013.150, 92
Trd, 259014.283, 97
Trd, 259014.533, 94
Trd, 259014.667, 95
Trd, 259014.917, 93
Trd, 259014.967, 96
Trd, 259016.050, 100
Trd, 259016.417, 100
Trd, 259016.767, 100
Trd, 259017.450, 100
Trd, 259017.700, 96
Trd, 259017.900, 101
Trd, 259018.167, 103
Trd, 259018.267, 107
Trd, 259019.217, 100
Trd, 259019.400, 100
Trd, 259019.550, 99
Trd, 259020.583, 107
Trd, 259021.133, 108
Trd, 259021.500, 105
Trd, 259021.667, 105
Trd, 259021.917, 103
Trd, 259022.133, 94
Trd, 259022.417, 93
Trd, 259023.000, 93
Trd, 259023.733, 93
Trd, 259024.000, 90
Trd, 259024.017, 99
Trd, 259024.733, 98
Trd, 259025.350, 101
Trd, 259026.333, 94
Trd, 259026.583, 93
Trd, 259027.000, 101
Trd, 259027.150, 101
Trd, 259027.317, 100
Trd, 259028.317, 100
Trd, 259028.500, 93
Trd, 259028.683, 102
Trd, 259028.800, 92
Trd, 259028.817, 91
Trd, 259029.450, 101
Trd, 259030.067, 95
Trd, 259030.567, 98
Trd, 259031.233, 102
Trd, 259031.900, 103
Trd, 259032.550, 103
Trd, 259032.967, 101
Trd, 259033.167, 101
Trd, 259033.283, 101
Trd, 259034.100, 100
Trd, 259034.167, 102
Trd, 259034.233, 93
Trd, 259035.033, 90
Trd, 259035.050, 83
Trd, 259035.533, 102
Trd, 259035.550, 84
Trd, 259036.283, 90
Trd, 259036.767, 106
Trd, 259037.183, 105
Trd, 259037.367, 102
Trd, 259037.733, 93
Trd, 259038.067, 83
Trd, 259038.650, 90
Trd, 259038.833, 101
Trd, 259039.267, 97
Trd, 259040.550, 94
Trd, 259040.683, 93
Trd, 259041.367, 91
Trd, 259041.417, 93
Trd, 259042.017, 93
Trd, 259042.633, 94
Trd, 259043.217, 98
Trd, 259043.317, 95
Trd, 259044.217, 94
Trd, 259044.333, 93
Trd, 259045.567, 93
Trd, 259046.083, 94
Trd, 259046.217, 95
Trd, 259046.367, 96
Trd, 259046.433, 101
Trd, 259046.917, 102
Trd, 259047.067, 103
Trd, 259047.700, 94
Trd, 259048.017, 96
Trd, 259048.700, 98
Trd, 259049.267, 97
Trd, 259049.633, 99
Trd, 259049.800, 101
Trd, 259050.383, 93
Trd, 259051.433, 98
Trd, 259051.750, 92
Trd, 259052.367, 91
Trd, 259052.450, 97
Trd, 259052.800, 97
Trd, 259052.950, 91
Trd, 259053.233, 98
Trd, 259053.567, 90
Trd, 259053.783, 101
Trd, 259055.233, 109
Trd, 259055.433, 107
Trd, 259055.483, 110
Trd, 259055.833, 106
Trd, 259055.950, 102
Trd, 259056.267, 99
Trd, 259056.933, 98
Trd, 259057.267, 94
Trd, 259058.033, 93
Trd, 259059.433, 91
Trd, 259059.800, 90
Trd, 259060.383, 95
Trd, 259060.533, 101
Trd, 259060.600, 100
Trd, 259060.617, 102
Trd, 259061.467, 88
Trd, 259062.567, 91
Trd, 259062.983, 93
Trd, 259063.000, 88
Trd, 259063.467, 88
Trd, 259063.683, 89
Trd, 259064.250, 89
Trd, 259064.917, 89
Trd, 259065.017, 90
Trd, 259065.533, 94
Trd, 259065.617, 102
Trd, 259066.100, 97
Trd, 259066.317, 91
Trd, 259066.850, 96
Trd, 259067.000, 93
Trd, 259068.133, 94
Trd, 259068.367, 99
Trd, 259068.533, 98
Trd, 259068.650, 92
Trd, 259068.983, 101
Trd, 259069.200, 92
Trd, 259069.300, 101
Trd, 259069.817, 97
Trd, 259069.933, 96
Trd, 259070.283, 94
Trd, 259070.383, 102
Trd, 259070.750, 102
Trd, 259070.783, 103
Trd, 259071.500, 105
Trd, 259073.450, 102
Trd, 259074.383, 107
Trd, 259074.500, 101
Trd, 259074.617, 100
Trd, 259074.700, 98
Trd, 259074.900, 94
Trd, 259075.033, 90
Trd, 259075.783, 95
Trd, 259075.917, 88
Trd, 259076.083, 89
Trd, 259076.683, 95
Trd, 259076.867, 96
Trd, 259077.200, 93
Trd, 259077.350, 100
Trd, 259077.583, 101
Trd, 259077.800, 109
Trd, 259078.600, 93
Trd, 259079.167, 102
Trd, 259079.450, 94
Trd, 259079.733, 93
Trd, 259080.133, 89
Trd, 259081.050, 87
Trd, 259081.817, 93
Trd, 259082.367, 94
Trd, 259082.800, 94
Trd, 259083.017, 94
Trd, 259083.217, 93
Trd, 259083.433, 98
Trd, 259083.900, 98
Trd, 259084.000, 94
Trd, 259084.733, 98
Trd, 259084.900, 99
Trd, 259085.400, 91
Trd, 259085.417, 92
Trd, 259085.650, 94
Trd, 259086.150, 95
Trd, 259086.433, 94
Trd, 259086.483, 93
Trd, 259086.667, 101
Trd, 259087.250, 103
Trd, 259088.950, 99
Trd, 259089.783, 100
Trd, 259089.850, 101
Trd, 259090.117, 100
Trd, 259090.217, 104
Trd, 259090.267, 99
Trd, 259091.150, 94
Trd, 259091.700, 96
Trd, 259091.833, 102
Trd, 259091.950, 103
Trd, 259092.767, 101
Trd, 259094.250, 102
Trd, 259094.333, 102
Trd, 259094.350, 103
Trd, 259094.633, 109
Trd, 259094.883, 102
Trd, 259095.133, 93
Trd, 259095.933, 91
Trd, 259096.683, 103
Trd, 259097.017, 91
Trd, 259097.550, 102
Trd, 259097.750, 92
Trd, 259098.617, 104
Trd, 259099.350, 90
Trd, 259100.000, 90
Trd, 259100.167, 91
Trd, 259100.367, 95
Trd, 259100.417, 86
Trd, 259100.433, 100
Trd, 259100.583, 101
Trd, 259100.717, 84
Trd, 259101.167, 95
Trd, 259101.550, 99
Trd, 259102.017, 99
Trd, 259102.033, 93
Trd, 259103.233, 96
Trd, 259103.917, 92
Trd, 259104.167, 95
Trd, 259104.650, 98
Trd, 259104.667, 92
Trd, 259105.483, 96
Trd, 259105.500, 95
Trd, 259105.750, 102
Trd, 259105.817, 96
Trd, 259105.850, 104
Trd, 259107.100, 94
Trd, 259108.033, 103
Trd, 259109.167, 102
Trd, 259109.733, 102
Trd, 259109.833, 99
Trd, 259110.017, 103
Trd, 259110.067, 98
Trd, 259110.733, 94
Trd, 259111.100, 93
Trd, 259111.383, 101
Trd, 259111.483, 99
Trd, 259112.217, 102
Trd, 259112.533, 96
Trd, 259112.950, 95
Trd, 259113.367, 94
Trd, 259113.433, 92
Trd, 259113.667, 98
Trd, 259114.983, 86
Trd, 259115.633, 95
Trd, 259116.150, 93
Trd, 259116.383, 93
Trd, 259116.483, 96
Trd, 259116.650, 89
Trd, 259117.633, 96
Trd, 259118.067, 98
Trd, 259118.900, 88
Trd, 259119.083, 88
Trd, 259119.367, 88
Trd, 259119.750, 83
Trd, 259120.017, 94
Trd, 259120.483, 98
Trd, 259120.850, 90
Trd, 259121.167, 100
Trd, 259122.500, 97
Trd, 259122.917, 100
Trd, 259123.783, 102
Trd, 259123.883, 101
Trd, 259124.233, 101
Trd, 259124.250, 99
Trd, 259124.467, 105
Trd, 259124.567, 108
Trd, 259125.067, 98
Trd, 259125.100, 109
Trd, 259125.333, 97
Trd, 259125.600, 93
Trd, 259126.050, 105
Trd, 259126.883, 105
Trd, 259127.367, 96
Trd, 259127.833, 106
Trd, 259128.267, 107
Trd, 259128.900, 98
Trd, 259129.150, 94
Trd, 259129.217, 93
Trd, 259129.933, 93
Trd, 259129.967, 98
Trd, 259130.083, 98
Trd, 259130.833, 91
Trd, 259130.950, 90
Trd, 259131.167, 89
Trd, 259131.950, 93
Trd, 259132.433, 93
Trd, 259132.633, 98
Trd, 259132.917, 104
Trd, 259133.500, 90
Trd, 259133.717, 104
Trd, 259133.917, 93
Trd, 259135.133, 94
Trd, 259135.867, 100
Trd, 259136.267, 97
Trd, 259136.617, 95
Trd, 259136.833, 95
Trd, 259137.283, 95
Trd, 259137.467, 96
Trd, 259137.767, 95
Trd, 259137.833, 101
Trd, 259138.917, 91
Trd, 259139.350, 90
Trd, 259140.400, 93
Trd, 259140.850, 95
Trd, 259140.883, 94
Trd, 259141.017, 93
Trd, 259141.333, 95
Trd, 259141.483, 101
Trd, 259142.000, 88
Trd, 259142.383, 98
Trd, 259143.517, 92
Trd, 259143.850, 91
Trd, 259143.867, 90
Trd, 259143.917, 85
Trd, 259144.350, 100
Trd, 259144.750, 86
Trd, 259144.917, 93
Trd, 259145.867, 92
Trd, 259146.000, 93
Trd, 259146.683, 85
Trd, 259147.383, 86
Trd, 259148.250, 86
Trd, 259148.517, 87
Trd, 259148.617, 97
Trd, 259148.850, 101
Trd, 259149.150, 95
Trd, 259149.233, 108
Trd, 259150.217, 101
Trd, 259150.833, 103
Trd, 259150.883, 107
Trd, 259150.983, 105
Trd, 259151.000, 95
Trd, 259151.400, 93
Trd, 259152.133, 98
Trd, 259152.350, 96
Trd, 259152.583, 90
Trd, 259153.133, 97
Trd, 259153.400, 98
Trd, 259153.633, 98
Trd, 259154.317, 89
Trd, 259155.467, 98
Trd, 259155.900, 99
Trd, 259156.383, 99
Trd, 259156.517, 98
Trd, 259156.633, 97
Trd, 259157.467, 99
Trd, 259157.817, 101
Trd, 259158.800, 102
Trd, 259158.950, 103
Trd, 259159.367, 104
Trd, 259159.583, 108
Trd, 259159.800, 82
Trd, 259160.233, 92
Trd, 259160.733, 95
Trd, 259160.917, 96
Trd, 259160.983, 94
Trd, 259161.133, 93
Trd, 259161.233, 90
Trd, 259162.050, 91
Trd, 259162.300, 93
Trd, 259162.800, 94
Trd, 259163.450, 94
Trd, 259163.500, 93
Trd, 259163.633, 92
Trd, 259163.700, 95
Trd, 259164.800, 95
Trd, 259165.400, 95
Trd, 259165.850, 93
Trd, 259166.350, 94
Trd, 259166.700, 93
Trd, 259166.717, 96
Trd, 259167.117, 92
Trd, 259167.383, 101
Trd, 259168.267, 99
Trd, 259168.317, 101
Trd, 259168.467, 109
Trd, 259169.017, 104
Trd, 259170.217, 96
Trd, 259170.333, 95
Trd, 259170.383, 94
Trd, 259170.533, 93
Trd, 259171.250, 91
Trd, 259171.667, 97
Trd, 259172.367, 90
Trd, 259172.400, 82
Trd, 259172.833, 79
Trd, 259173.200, 91
Trd, 259173.783, 92
Trd, 259173.867, 95
Trd, 259174.750, 100
Trd, 259174.917, 101
Trd, 259174.983, 93
Trd, 259175.183, 105
Trd, 259175.883, 102
Trd, 259176.333, 94
Trd, 259176.733, 93
Trd, 259176.867, 92
Trd, 259176.983, 89
Trd, 259177.383, 96
Trd, 259177.617, 91
Trd, 259178.100, 98
Trd, 259178.800, 93
Trd, 259178.850, 100
Trd, 259179.150, 104
Trd, 259179.233, 92
Trd, 259181.733, 101
Trd, 259181.983, 98
Trd, 259182.033, 97
Trd, 259182.250, 95
Trd, 259182.650, 94
Trd, 259184.033, 90
Trd, 259184.283, 91
Trd, 259184.367, 101
Trd, 259185.700, 94
Trd, 259185.933, 95
Trd, 259186.017, 94
Trd, 259186.317, 95
Trd, 259186.633, 95
Trd, 259186.883, 101
Trd, 259187.017, 104
Trd, 259187.500, 98
Trd, 259188.000, 94
Trd, 259188.033, 93
Trd, 259188.400, 96
Trd, 259188.733, 96
Trd, 259188.917, 96
Trd, 259189.700, 93
Trd, 259189.800, 96
Trd, 259190.033, 94
Trd, 259190.650, 93
Trd, 259190.883, 98
Trd, 259191.817, 97
Trd, 259191.833, 101
Trd, 259192.133, 95
Trd, 259193.217, 101
Trd, 259193.483, 100
Trd, 259193.667, 95
Trd, 259194.533, 97
Trd, 259195.000, 97
Trd, 259195.050, 95
Trd, 259195.267, 98
Trd, 259195.450, 93
Trd, 259196.300, 92
Trd, 259196.317, 98
Trd, 259196.467, 96
Trd, 259196.567, 99
Trd, 259196.800, 101
Trd, 259196.900, 92
Trd, 259197.167, 93
Trd, 259197.750, 92
Trd, 259199.867, 90
