Trd, 258495.700, 107
Trd, 258496.300, 107
Trd, 258496.833, 103
Trd, 258496.983, 103
Trd, 258497.250, 95
Trd, 258497.267, 114
Trd, 258497.367, 115
Trd, 258497.983, 95
Trd, 258498.183, 102
Trd, 258499.150, 114
Trd, 258499.783, 110
Trd, 258500.033, 109
Trd, 258501.417, 97
Trd, 258501.617, 100
Trd, 258501.650, 101
Trd, 258501.750, 98
Trd, 258503.633, 99
Trd, 258504.183, 110
Trd, 258504.683, 112
Trd, 258505.133, 115
Trd, 258505.250, 121
Trd, 258505.533, 112
Trd, 258505.867, 111
Trd, 258507.017, 109
Trd, 258507.267, 105
Trd, 258507.433, 95
Trd, 258507.567, 91
Trd, 258507.867, 93
Trd, 258508.500, 98
Trd, 258508.617, 105
Trd, 258509.417, 103
Trd, 258510.883, 115
Trd, 258511.050, 114
Trd, 258511.100, 113
Trd, 258511.800, 117
Trd, 258511.883, 113
Trd, 258512.017, 111
Trd, 258512.600, 109
Trd, 258512.933, 103
Trd, 258513.400, 107
Trd, 258513.633, 114
Trd, 258513.783, 106
Trd, 258513.883, 98
Trd, 258513.900, 94
Trd, 258514.717, 109
Trd, 258515.267, 110
Trd, 258515.900, 108
Trd, 258516.033, 90
Trd, 258516.583, 103
Trd, 258516.967, 87
Trd, 258517.667, 116
Trd, 258518.183, 104
Trd, 258518.533, 95
Trd, 258518.983, 92
Trd, 258519.333, 106
Trd, 258520.033, 92
Trd, 258520.683, 101
Trd, 258520.817, 94
Trd, 258521.500, 112
Trd, 258521.650, 101
Trd, 258522.133, 115
Trd, 258522.200, 102
Trd, 258523.033, 100
Trd, 258523.350, 99
Trd, 258523.417, 115
Trd, 258523.750, 95
Trd, 258524.383, 97
Trd, 258524.717, 90
Trd, 258525.283, 117
Trd, 258525.683, 118
Trd, 258525.983, 116
Trd, 258526.117, 115
Trd, 258526.767, 104
Trd, 258526.817, 103
Trd, 258527.067, 95
Trd, 258527.133, 97
Trd, 258527.150, 95
Trd, 258529.033, 117
Trd, 258529.383, 120
Trd, 258530.317, 117
Trd, 258531.050, 117
Trd, 258531.417, 118
Trd, 258531.617, 113
Trd, 258532.067, 109
Trd, 258533.000, 105
Trd, 258533.350, 104
Trd, 258533.383, 103
Trd, 258533.633, 96
Trd, 258533.883, 102
Trd, 258534.633, 97
Trd, 258535.217, 116
Trd, 258535.667, 109
Trd, 258536.850, 102
Trd, 258537.717, 110
Trd, 258537.833, 101
Trd, 258538.250, 95
Trd, 258538.667, 115
Trd, 258539.167, 96
Trd, 258539.650, 92
Trd, 258539.850, 88
Trd, 258540.333, 110
Trd, 258540.983, 115
Trd, 258541.617, 109
Trd, 258542.000, 117
Trd, 258542.150, 109
Trd, 258542.383, 95
Trd, 258543.150, 112
Trd, 258543.450, 110
Trd, 258545.067, 119
Trd, 258545.117, 123
Trd, 258545.183, 111
Trd, 258545.850, 107
Trd, 258545.950, 105
Trd, 258546.033, 104
Trd, 258546.700, 90
Trd, 258546.750, 85
Trd, 258549.733, 89
Trd, 258549.800, 91
Trd, 258549.833, 88
Trd, 258550.000, 86
Trd, 258551.817, 98
Trd, 258552.050, 112
Trd, 258552.117, 93
Trd, 258552.700, 115
Trd, 258552.817, 97
Trd, 258553.350, 118
Trd, 258553.500, 95
Trd, 258553.683, 90
Trd, 258554.333, 101
Trd, 258554.617, 105
Trd, 258555.283, 104
Trd, 258555.317, 103
Trd, 258555.900, 111
Trd, 258556.417, 99
Trd, 258557.167, 100
Trd, 258558.783, 100
Trd, 258559.067, 99
Trd, 258559.900, 104
Trd, 258560.350, 106
Trd, 258560.367, 103
Trd, 258560.483, 101
Trd, 258561.533, 109
Trd, 258561.783, 95
Trd, 258561.883, 104
Trd, 258561.933, 112
Trd, 258562.300, 116
Trd, 258563.267, 95
Trd, 258563.850, 84
Trd, 258563.900, 100
Trd, 258564.900, 107
Trd, 258565.017, 117
Trd, 258565.867, 112
Trd, 258567.100, 115
Trd, 258567.667, 122
Trd, 258568.083, 109
Trd, 258568.550, 105
Trd, 258568.817, 115
Trd, 258569.933, 112
Trd, 258570.017, 111
Trd, 258570.167, 103
Trd, 258570.300, 93
Trd, 258571.100, 112
Trd, 258571.650, 91
Trd, 258571.867, 92
Trd, 258572.233, 91
Trd, 258573.083, 91
Trd, 258573.133, 92
Trd, 258573.617, 98
Trd, 258573.683, 98
Trd, 258573.783, 99
Trd, 258574.950, 105
Trd, 258575.267, 98
Trd, 258575.283, 79
Trd, 258575.950, 115
Trd, 258576.150, 114
Trd, 258576.167, 120
Trd, 258577.350, 116
Trd, 258577.767, 107
Trd, 258577.800, 106
Trd, 258580.083, 110
Trd, 258580.167, 108
Trd, 258580.267, 115
Trd, 258580.700, 113
Trd, 258580.800, 101
Trd, 258580.883, 99
Trd, 258581.100, 115
Trd, 258581.133, 95
Trd, 258581.217, 116
Trd, 258582.183, 95
Trd, 258583.150, 101
Trd, 258584.300, 109
Trd, 258584.400, 108
Trd, 258584.817, 106
Trd, 258586.000, 115
Trd, 258586.200, 84
Trd, 258586.333, 115
Trd, 258586.650, 97
Trd, 258586.667, 120
Trd, 258587.700, 119
Trd, 258587.750, 115
Trd, 258587.783, 115
Trd, 258587.867, 114
Trd, 258587.967, 100
Trd, 258588.367, 96
Trd, 258588.417, 119
Trd, 258588.550, 91
Trd, 258590.583, 97
Trd, 258590.817, 98
Trd, 258591.417, 106
Trd, 258591.617, 96
Trd, 258592.233, 97
Trd, 258592.483, 96
Trd, 258592.617, 108
Trd, 258593.100, 96
Trd, 258593.117, 95
Trd, 258593.400, 87
Trd, 258594.117, 102
Trd, 258594.133, 86
Trd, 258594.483, 112
Trd, 258595.067, 105
Trd, 258596.017, 106
Trd, 258597.283, 111
Trd, 258597.750, 110
Trd, 258597.917, 112
Trd, 258598.017, 109
Trd, 258598.333, 116
Trd, 258598.533, 95
Trd, 258599.167, 113
Trd, 258599.500, 112
Trd, 258600.267, 94
Trd, 258600.367, 87
Trd, 258600.983, 109
Trd, 258601.267, 108
Trd, 258601.317, 91
Trd, 258603.083, 97
Trd, 258603.850, 114
Trd, 258604.100, 97
Trd, 258604.317, 104
Trd, 258604.333, 117
Trd, 258604.400, 114
Trd, 258605.017, 97
Trd, 258605.083, 96
Trd, 258605.633, 95
Trd, 258606.683, 95
Trd, 258607.367, 102
Trd, 258607.750, 92
Trd, 258608.050, 106
Trd, 258609.000, 109
Trd, 258609.400, 97
Trd, 258609.550, 112
Trd, 258609.717, 111
Trd, 258609.817, 121
Trd, 258610.017, 87
Trd, 258610.600, 84
Trd, 258611.167, 115
Trd, 258611.467, 116
Trd, 258611.700, 116
Trd, 258612.050, 120
Trd, 258612.283, 114
Trd, 258612.367, 110
Trd, 258612.800, 110
Trd, 258613.250, 95
Trd, 258613.733, 84
Trd, 258614.383, 90
Trd, 258615.000, 96
Trd, 258615.983, 96
Trd, 258616.000, 94
Trd, 258617.233, 95
Trd, 258617.717, 97
Trd, 258617.783, 110
Trd, 258618.033, 112
Trd, 258618.250, 115
Trd, 258618.633, 115
Trd, 258618.750, 105
Trd, 258619.283, 90
Trd, 258619.433, 114
Trd, 258620.067, 92
Trd, 258620.400, 100
Trd, 258620.917, 89
Trd, 258621.117, 103
Trd, 258622.250, 91
Trd, 258622.333, 109
Trd, 258622.450, 115
Trd, 258622.750, 91
Trd, 258623.133, 96
Trd, 258623.517, 97
Trd, 258623.633, 96
Trd, 258623.717, 95
Trd, 258624.417, 112
Trd, 258624.800, 98
Trd, 258625.600, 102
Trd, 258625.733, 96
Trd, 258625.900, 88
Trd, 258627.067, 98
Trd, 258627.767, 91
Trd, 258627.917, 92
Trd, 258628.267, 90
Trd, 258628.467, 112
Trd, 258628.483, 112
Trd, 258629.433, 91
Trd, 258629.933, 90
Trd, 258630.067, 98
Trd, 258630.167, 84
Trd, 258630.283, 92
Trd, 258630.917, 81
Trd, 258630.983, 100
Trd, 258631.933, 86
Trd, 258632.583, 93
Trd, 258633.950, 111
Trd, 258634.000, 112
Trd, 258634.183, 109
Trd, 258636.133, 99
Trd, 258636.217, 96
Trd, 258636.333, 100
Trd, 258637.767, 111
Trd, 258638.150, 109
Trd, 258638.217, 103
Trd, 258638.333, 113
Trd, 258639.267, 98
Trd, 258639.833, 97
Trd, 258640.117, 95
Trd, 258640.433, 91
Trd, 258641.467, 110
Trd, 258641.617, 119
Trd, 258642.100, 112
Trd, 258642.917, 111
Trd, 258643.400, 110
Trd, 258643.933, 97
Trd, 258644.133, 98
Trd, 258645.633, 112
Trd, 258645.950, 95
Trd, 258646.133, 113
Trd, 258646.917, 106
Trd, 258647.500, 96
Trd, 258648.433, 109
Trd, 258648.717, 111
Trd, 258649.850, 107
Trd, 258650.017, 105
Trd, 258651.117, 101
Trd, 258651.267, 112
Trd, 258651.467, 103
Trd, 258651.517, 92
Trd, 258651.683, 90
Trd, 258651.950, 84
Trd, 258652.367, 99
Trd, 258652.650, 88
Trd, 258653.600, 97
Trd, 258654.000, 98
Trd, 258654.317, 103
Trd, 258655.817, 113
Trd, 258656.650, 113
Trd, 258657.067, 109
Trd, 258657.317, 109
Trd, 258657.383, 113
Trd, 258657.650, 101
Trd, 258657.817, 100
Trd, 258658.083, 88
Trd, 258658.117, 92
Trd, 258658.733, 115
Trd, 258658.933, 112
Trd, 258659.317, 118
Trd, 258660.150, 98
Trd, 258661.333, 105
Trd, 258661.400, 104
Trd, 258661.500, 105
Trd, 258661.817, 95
Trd, 258662.133, 92
Trd, 258662.433, 109
Trd, 258662.500, 88
Trd, 258663.067, 102
Trd, 258663.783, 100
Trd, 258663.817, 86
Trd, 258664.383, 85
Trd, 258664.833, 98
Trd, 258665.833, 108
Trd, 258666.067, 102
Trd, 258666.250, 99
Trd, 258666.383, 112
Trd, 258667.000, 114
Trd, 258667.600, 113
Trd, 258667.900, 102
Trd, 258668.067, 98
Trd, 258668.333, 116
Trd, 258668.850, 105
Trd, 258668.967, 93
Trd, 258669.183, 94
Trd, 258669.883, 116
Trd, 258670.017, 115
Trd, 258671.283, 112
Trd, 258671.650, 105
Trd, 258672.000, 95
Trd, 258672.200, 95
Trd, 258672.700, 113
Trd, 258673.633, 88
Trd, 258673.667, 112
Trd, 258674.900, 116
Trd, 258675.350, 115
Trd, 258675.783, 105
Trd, 258675.883, 104
Trd, 258676.250, 108
Trd, 258676.567, 98
Trd, 258676.783, 95
Trd, 258677.767, 103
Trd, 258677.850, 107
Trd, 258678.317, 109
Trd, 258678.600, 112
Trd, 258679.117, 115
Trd, 258679.233, 111
Trd, 258679.317, 91
Trd, 258679.667, 90
Trd, 258680.717, 98
Trd, 258681.117, 97
Trd, 258681.983, 98
Trd, 258682.183, 96
Trd, 258682.700, 112
Trd, 258682.833, 102
Trd, 258682.950, 106
Trd, 258683.017, 96
Trd, 258683.450, 110
Trd, 258683.683, 109
Trd, 258683.867, 117
Trd, 258684.983, 110
Trd, 258685.483, 112
Trd, 258685.567, 100
Trd, 258687.317, 103
Trd, 258687.433, 101
Trd, 258687.550, 116
Trd, 258687.800, 99
Trd, 258688.067, 115
Trd, 258688.250, 101
Trd, 258688.283, 95
Trd, 258688.733, 92
Trd, 258688.767, 90
Trd, 258689.300, 120
Trd, 258690.617, 99
Trd, 258690.767, 84
Trd, 258691.133, 119
Trd, 258691.483, 83
Trd, 258691.900, 85
Trd, 258692.067, 118
Trd, 258692.517, 110
Trd, 258693.033, 100
Trd, 258693.383, 95
Trd, 258693.983, 95
Trd, 258694.283, 114
Trd, 258696.350, 104
Trd, 258696.617, 103
Trd, 258696.767, 106
Trd, 258697.167, 105
Trd, 258697.267, 102
Trd, 258697.617, 95
Trd, 258697.950, 101
Trd, 258698.050, 90
Trd, 258698.500, 98
Trd, 258699.783, 112
Trd, 258700.183, 112
Trd, 258700.283, 111
Trd, 258700.733, 109
Trd, 258700.767, 93
Trd, 258701.033, 106
Trd, 258701.200, 121
Trd, 258701.833, 124
Trd, 258701.867, 110
Trd, 258702.233, 125
Trd, 258702.317, 124
Trd, 258702.917, 109
Trd, 258704.033, 115
Trd, 258704.583, 116
Trd, 258705.033, 115
Trd, 258705.433, 101
Trd, 258705.583, 103
Trd, 258705.800, 109
Trd, 258707.717, 112
Trd, 258707.867, 115
Trd, 258708.200, 105
Trd, 258708.317, 104
Trd, 258708.850, 100
Trd, 258709.167, 115
Trd, 258709.700, 99
Trd, 258710.200, 98
Trd, 258710.933, 87
Trd, 258711.717, 108
Trd, 258712.033, 87
Trd, 258712.317, 90
Trd, 258712.500, 111
Trd, 258713.150, 111
Trd, 258713.283, 97
Trd, 258713.400, 96
Trd, 258713.800, 114
Trd, 258714.033, 110
Trd, 258714.150, 92
Trd, 258715.117, 94
Trd, 258715.250, 87
Trd, 258715.700, 86
Trd, 258716.067, 90
Trd, 258716.117, 94
Trd, 258717.750, 99
Trd, 258718.100, 94
Trd, 258719.883, 112
Trd, 258719.917, 116
Trd, 258719.983, 100
Trd, 258720.583, 117
Trd, 258720.683, 112
Trd, 258720.750, 112
Trd, 258720.967, 100
Trd, 258722.133, 127
Trd, 258722.817, 95
Trd, 258723.217, 103
Trd, 258723.817, 109
Trd, 258724.100, 108
Trd, 258724.167, 114
Trd, 258724.533, 107
Trd, 258725.050, 92
Trd, 258725.283, 98
Trd, 258725.517, 102
Trd, 258725.600, 99
Trd, 258726.217, 112
Trd, 258726.633, 101
Trd, 258726.900, 98
Trd, 258727.033, 96
Trd, 258727.567, 116
Trd, 258728.183, 99
Trd, 258728.200, 108
Trd, 258728.250, 95
Trd, 258728.300, 84
Trd, 258729.683, 109
Trd, 258730.450, 101
Trd, 258730.900, 114
Trd, 258731.750, 116
Trd, 258731.833, 118
Trd, 258731.867, 108
Trd, 258733.117, 109
Trd, 258733.483, 114
Trd, 258733.983, 117
Trd, 258734.317, 93
Trd, 258734.500, 92
Trd, 258735.100, 90
Trd, 258735.767, 89
Trd, 258735.833, 90
Trd, 258735.950, 90
Trd, 258736.550, 101
Trd, 258737.083, 112
Trd, 258737.333, 94
Trd, 258738.067, 94
Trd, 258738.700, 104
Trd, 258739.833, 109
Trd, 258740.117, 115
Trd, 258740.417, 90
Trd, 258741.367, 89
Trd, 258741.767, 86
Trd, 258742.033, 88
Trd, 258742.167, 90
Trd, 258742.250, 116
Trd, 258742.983, 115
Trd, 258743.133, 114
Trd, 258744.183, 97
Trd, 258744.267, 98
Trd, 258744.367, 96
Trd, 258744.700, 96
Trd, 258745.000, 94
Trd, 258745.300, 114
Trd, 258745.733, 114
Trd, 258745.933, 103
Trd, 258746.317, 101
Trd, 258746.933, 115
Trd, 258747.600, 106
Trd, 258748.583, 101
Trd, 258749.467, 115
Trd, 258749.617, 108
Trd, 258749.933, 105
Trd, 258750.100, 109
Trd, 258750.350, 88
Trd, 258750.500, 88
Trd, 258750.850, 99
Trd, 258751.533, 110
Trd, 258752.683, 109
Trd, 258753.150, 109
Trd, 258753.350, 109
Trd, 258753.733, 108
Trd, 258755.300, 110
Trd, 258755.667, 109
Trd, 258755.767, 111
Trd, 258755.900, 103
Trd, 258755.917, 95
Trd, 258756.567, 114
Trd, 258756.867, 86
Trd, 258756.950, 116
Trd, 258757.250, 88
Trd, 258757.617, 118
Trd, 258758.550, 95
Trd, 258759.250, 94
Trd, 258759.700, 107
Trd, 258760.417, 110
Trd, 258760.433, 109
Trd, 258760.550, 112
Trd, 258760.583, 113
Trd, 258760.883, 100
Trd, 258761.100, 96
Trd, 258761.333, 95
Trd, 258762.183, 110
Trd, 258762.450, 113
Trd, 258762.483, 98
Trd, 258763.500, 89
Trd, 258763.583, 85
Trd, 258764.533, 104
Trd, 258764.650, 103
Trd, 258764.783, 84
Trd, 258765.300, 117
Trd, 258765.883, 118
Trd, 258765.950, 114
Trd, 258766.000, 86
Trd, 258766.600, 81
Trd, 258767.633, 83
Trd, 258768.467, 112
Trd, 258769.033, 115
Trd, 258769.417, 122
Trd, 258770.033, 114
Trd, 258770.183, 114
Trd, 258770.767, 108
Trd, 258770.867, 95
Trd, 258770.900, 84
Trd, 258771.783, 82
Trd, 258771.800, 80
Trd, 258772.183, 116
Trd, 258772.467, 115
Trd, 258773.050, 96
Trd, 258773.517, 119
Trd, 258773.567, 116
Trd, 258774.233, 115
Trd, 258774.367, 110
Trd, 258775.133, 111
Trd, 258775.600, 109
Trd, 258776.433, 118
Trd, 258776.700, 113
Trd, 258776.900, 122
Trd, 258777.033, 111
Trd, 258777.433, 99
Trd, 258778.850, 119
Trd, 258779.483, 116
Trd, 258779.550, 111
Trd, 258780.133, 105
Trd, 258780.400, 98
Trd, 258780.717, 104
Trd, 258781.383, 100
Trd, 258782.517, 97
Trd, 258782.567, 96
Trd, 258782.650, 92
Trd, 258783.433, 87
Trd, 258783.550, 98
Trd, 258784.067, 86
Trd, 258784.667, 107
Trd, 258785.400, 110
Trd, 258785.650, 106
Trd, 258785.783, 112
Trd, 258785.917, 95
Trd, 258786.267, 89
Trd, 258786.350, 98
Trd, 258786.600, 98
Trd, 258787.117, 92
Trd, 258787.333, 84
Trd, 258788.950, 113
Trd, 258789.283, 112
Trd, 258789.650, 114
Trd, 258790.183, 114
Trd, 258790.800, 114
Trd, 258790.983, 112
Trd, 258791.250, 99
Trd, 258792.100, 98
Trd, 258792.350, 90
Trd, 258792.767, 117
Trd, 258793.117, 95
Trd, 258793.233, 110
Trd, 258793.767, 94
Trd, 258794.167, 111
Trd, 258794.217, 94
Trd, 258794.350, 117
Trd, 258795.433, 100
Trd, 258795.583, 115
Trd, 258796.383, 100
Trd, 258797.067, 111
Trd, 258798.017, 98
Trd, 258798.083, 98
Trd, 258798.683, 100
Trd, 258799.250, 96
Trd, 258799.483, 112
Trd, 258799.550, 109
Trd, 258799.633, 95
Trd, 258800.050, 90
Trd, 258800.217, 87
Trd, 258800.683, 100
Trd, 258800.717, 112
Trd, 258801.250, 98
Trd, 258801.550, 90
Trd, 258802.517, 87
Trd, 258802.900, 111
Trd, 258803.567, 85
Trd, 258803.917, 86
Trd, 258803.933, 114
Trd, 258804.483, 100
Trd, 258804.783, 85
Trd, 258805.050, 96
Trd, 258805.217, 95
Trd, 258806.633, 90
Trd, 258807.333, 99
Trd, 258807.917, 91
Trd, 258808.217, 90
Trd, 258808.817, 84
Trd, 258809.250, 116
Trd, 258811.033, 92
Trd, 258811.600, 93
Trd, 258811.817, 101
Trd, 258811.883, 102
Trd, 258813.100, 106
Trd, 258813.833, 112
Trd, 258813.983, 110
Trd, 258814.700, 106
Trd, 258815.567, 115
Trd, 258815.650, 114
Trd, 258815.950, 116
Trd, 258816.117, 111
Trd, 258816.783, 108
Trd, 258816.800, 95
Trd, 258816.883, 94
Trd, 258817.350, 90
Trd, 258817.683, 94
Trd, 258817.900, 95
Trd, 258817.983, 93
Trd, 258818.533, 108
Trd, 258819.850, 113
Trd, 258820.517, 109
Trd, 258820.900, 90
Trd, 258821.550, 94
Trd, 258821.883, 92
Trd, 258821.933, 90
Trd, 258822.200, 95
Trd, 258822.833, 98
Trd, 258823.050, 96
Trd, 258823.767, 103
Trd, 258823.783, 109
Trd, 258823.883, 112
Trd, 258824.150, 115
Trd, 258824.450, 98
Trd, 258825.267, 122
Trd, 258825.583, 115
Trd, 258826.000, 114
Trd, 258826.383, 113
Trd, 258827.367, 112
Trd, 258827.533, 111
Trd, 258827.767, 102
Trd, 258827.967, 107
Trd, 258828.233, 107
Trd, 258828.250, 104
Trd, 258828.500, 85
Trd, 258829.600, 99
Trd, 258830.000, 112
Trd, 258830.367, 103
Trd, 258831.217, 113
Trd, 258832.017, 109
Trd, 258832.867, 113
Trd, 258832.900, 116
Trd, 258833.350, 109
Trd, 258833.367, 108
Trd, 258833.433, 112
Trd, 258833.883, 93
Trd, 258834.217, 92
Trd, 258834.417, 101
Trd, 258834.733, 89
Trd, 258835.450, 105
Trd, 258835.883, 114
Trd, 258836.850, 118
Trd, 258836.983, 117
Trd, 258837.167, 115
Trd, 258837.500, 109
Trd, 258837.667, 115
Trd, 258837.967, 127
Trd, 258838.733, 126
Trd, 258838.867, 125
Trd, 258839.183, 95
Trd, 258839.800, 114
Trd, 258839.850, 101
Trd, 258840.717, 91
Trd, 258841.733, 103
Trd, 258842.300, 89
Trd, 258842.317, 94
Trd, 258842.567, 100
Trd, 258842.583, 88
Trd, 258843.117, 98
Trd, 258844.417, 94
Trd, 258846.000, 103
Trd, 258846.117, 100
Trd, 258846.367, 101
Trd, 258846.983, 106
Trd, 258847.233, 112
Trd, 258847.350, 95
Trd, 258847.483, 91
Trd, 258847.617, 95
Trd, 258848.233, 106
Trd, 258848.600, 105
Trd, 258848.650, 93
Trd, 258849.133, 101
Trd, 258849.567, 100
Trd, 258850.317, 112
Trd, 258850.617, 95
Trd, 258850.950, 96
Trd, 258851.717, 115
Trd, 258852.017, 104
Trd, 258853.300, 101
Trd, 258853.500, 112
Trd, 258853.983, 109
Trd, 258854.433, 113
Trd, 258854.483, 101
Trd, 258855.150, 105
Trd, 258855.317, 103
Trd, 258855.883, 119
Trd, 258856.133, 120
Trd, 258856.517, 126
Trd, 258857.833, 114
Trd, 258858.100, 114
Trd, 258858.283, 114
Trd, 258858.383, 113
Trd, 258859.317, 109
Trd, 258859.450, 99
Trd, 258860.167, 108
Trd, 258860.183, 115
Trd, 258861.517, 95
Trd, 258861.900, 93
Trd, 258862.000, 116
Trd, 258862.383, 99
Trd, 258862.650, 86
Trd, 258863.550, 90
Trd, 258864.117, 87
Trd, 258864.183, 94
Trd, 258865.783, 98
Trd, 258866.283, 100
Trd, 258866.650, 101
Trd, 258866.783, 100
Trd, 258867.250, 117
Trd, 258867.283, 110
Trd, 258867.367, 100
Trd, 258868.967, 110
Trd, 258869.033, 97
Trd, 258869.217, 114
Trd, 258869.767, 108
Trd, 258870.117, 99
Trd, 258870.483, 96
Trd, 258870.983, 97
Trd, 258871.667, 107
Trd, 258871.683, 112
Trd, 258872.283, 103
Trd, 258872.400, 101
Trd, 258873.050, 108
Trd, 258873.433, 97
Trd, 258874.100, 98
Trd, 258874.317, 101
Trd, 258874.567, 97
Trd, 258874.683, 95
Trd, 258874.767, 98
Trd, 258875.567, 93
Trd, 258875.667, 92
Trd, 258876.867, 114
Trd, 258876.917, 100
Trd, 258877.333, 109
Trd, 258877.433, 93
Trd, 258878.033, 91
Trd, 258878.150, 110
Trd, 258878.500, 84
Trd, 258879.133, 86
Trd, 258879.233, 91
Trd, 258880.583, 91
Trd, 258880.933, 95
Trd, 258880.967, 96
Trd, 258881.833, 110
Trd, 258881.900, 109
Trd, 258882.100, 95
Trd, 258882.283, 112
Trd, 258882.517, 95
Trd, 258882.567, 80
Trd, 258883.333, 93
Trd, 258884.350, 95
Trd, 258884.617, 109
Trd, 258884.717, 116
Trd, 258885.083, 114
Trd, 258885.183, 93
Trd, 258886.983, 108
Trd, 258887.700, 108
Trd, 258888.067, 100
Trd, 258888.450, 96
Trd, 258888.517, 100
Trd, 258888.767, 96
Trd, 258889.333, 114
Trd, 258889.417, 95
Trd, 258889.933, 101
Trd, 258890.117, 114
Trd, 258891.700, 111
Trd, 258892.233, 99
Trd, 258892.533, 99
Trd, 258892.617, 115
Trd, 258892.817, 119
Trd, 258893.783, 100
Trd, 258894.283, 99
Trd, 258894.533, 91
Trd, 258896.000, 101
Trd, 258896.683, 111
Trd, 258896.967, 113
Trd, 258897.217, 113
Trd, 258897.250, 89
Trd, 258897.633, 89
Trd, 258898.050, 97
Trd, 258898.117, 98
Trd, 258899.133, 109
Trd, 258899.167, 101
Trd, 258899.550, 99
Trd, 258899.850, 96
Trd, 258901.017, 112
Trd, 258901.800, 103
Trd, 258902.150, 102
Trd, 258902.583, 105
Trd, 258903.100, 106
Trd, 258903.150, 114
Trd, 258903.500, 116
Trd, 258903.583, 112
Trd, 258903.667, 106
Trd, 258904.333, 90
Trd, 258904.483, 87
Trd, 258905.600, 90
Trd, 258905.883, 98
Trd, 258906.067, 110
Trd, 258907.433, 101
Trd, 258907.600, 104
Trd, 258907.867, 97
Trd, 258908.017, 97
Trd, 258908.133, 112
Trd, 258908.667, 139
Trd, 258908.683, 137
Trd, 258909.300, 95
Trd, 258909.633, 101
Trd, 258911.050, 108
Trd, 258911.533, 115
Trd, 258911.600, 105
Trd, 258912.983, 110
Trd, 258913.150, 118
Trd, 258913.383, 111
Trd, 258914.050, 118
Trd, 258914.250, 108
Trd, 258914.317, 107
Trd, 258914.867, 101
Trd, 258915.083, 102
Trd, 258915.933, 109
Trd, 258916.117, 112
Trd, 258916.233, 118
Trd, 258916.617, 126
Trd, 258917.017, 117
Trd, 258917.167, 95
Trd, 258917.633, 99
Trd, 258917.900, 91
Trd, 258918.800, 106
Trd, 258919.150, 95
Trd, 258919.533, 95
Trd, 258919.617, 92
Trd, 258919.633, 106
Trd, 258919.800, 91
Trd, 258919.817, 117
Trd, 258920.183, 89
Trd, 258922.750, 113
Trd, 258922.850, 102
Trd, 258923.333, 116
Trd, 258923.617, 116
Trd, 258923.700, 103
Trd, 258923.983, 115
Trd, 258924.200, 104
Trd, 258924.767, 99
Trd, 258925.300, 102
Trd, 258925.317, 105
Trd, 258925.433, 95
Trd, 258926.667, 97
Trd, 258927.050, 95
Trd, 258927.967, 101
Trd, 258928.050, 95
Trd, 258928.633, 112
Trd, 258929.567, 98
Trd, 258929.717, 109
Trd, 258929.900, 98
Trd, 258930.100, 98
Trd, 258930.567, 105
Trd, 258931.200, 109
Trd, 258931.567, 92
Trd, 258931.717, 112
Trd, 258931.833, 111
Trd, 258932.100, 117
Trd, 258932.400, 95
Trd, 258932.550, 96
Trd, 258933.350, 119
Trd, 258933.567, 89
Trd, 258933.750, 79
Trd, 258935.033, 106
Trd, 258936.467, 86
Trd, 258936.633, 94
Trd, 258936.833, 116
Trd, 258938.333, 114
Trd, 258938.733, 113
Trd, 258939.217, 95
Trd, 258939.967, 103
Trd, 258940.183, 115
Trd, 258940.583, 103
Trd, 258941.367, 97
Trd, 258942.050, 105
Trd, 258942.300, 116
Trd, 258942.433, 104
Trd, 258942.667, 97
Trd, 258942.750, 96
Trd, 258943.283, 114
Trd, 258943.550, 105
Trd, 258943.767, 90
Trd, 258944.850, 94
Trd, 258944.950, 100
Trd, 258945.217, 115
Trd, 258945.317, 118
Trd, 258945.517, 111
Trd, 258945.783, 93
Trd, 258946.117, 89
Trd, 258947.483, 88
Trd, 258947.817, 86
Trd, 258948.550, 100
Trd, 258948.883, 92
Trd, 258949.367, 92
Trd, 258949.800, 104
Trd, 258950.333, 112
Trd, 258951.233, 103
Trd, 258952.000, 96
Trd, 258952.083, 94
Trd, 258953.117, 98
Trd, 258953.167, 117
Trd, 258953.367, 113
Trd, 258953.567, 112
Trd, 258953.667, 109
Trd, 258953.700, 121
Trd, 258953.750, 95
Trd, 258954.417, 114
Trd, 258954.433, 102
Trd, 258954.950, 102
Trd, 258955.150, 98
Trd, 258956.833, 101
Trd, 258957.483, 121
Trd, 258957.550, 115
Trd, 258957.817, 114
Trd, 258958.283, 113
Trd, 258958.417, 102
Trd, 258959.083, 98
Trd, 258959.267, 97
Trd, 258959.550, 95
Trd, 258960.617, 101
Trd, 258961.367, 101
Trd, 258961.683, 91
Trd, 258962.450, 88
Trd, 258962.733, 92
Trd, 258962.900, 86
Trd, 258963.617, 109
Trd, 258963.700, 109
Trd, 258964.233, 109
Trd, 258964.667, 115
Trd, 258965.667, 109
Trd, 258966.033, 108
Trd, 258966.117, 96
Trd, 258966.783, 103
Trd, 258966.883, 104
Trd, 258967.167, 115
Trd, 258967.200, 110
Trd, 258970.200, 111
Trd, 258970.600, 109
Trd, 258970.617, 108
Trd, 258970.833, 112
Trd, 258971.233, 110
Trd, 258971.500, 110
Trd, 258972.317, 111
Trd, 258972.550, 112
Trd, 258972.750, 107
Trd, 258973.017, 116
Trd, 258973.283, 119
Trd, 258973.317, 108
Trd, 258973.933, 106
Trd, 258975.150, 95
Trd, 258975.433, 95
Trd, 258975.583, 94
Trd, 258975.683, 98
Trd, 258975.950, 90
Trd, 258976.867, 95
Trd, 258977.467, 91
Trd, 258977.767, 116
Trd, 258978.233, 113
Trd, 258978.367, 107
Trd, 258979.067, 115
Trd, 258979.117, 118
Trd, 258979.183, 103
Trd, 258980.717, 117
Trd, 258980.817, 103
Trd, 258980.833, 98
Trd, 258981.017, 97
Trd, 258981.400, 95
Trd, 258981.433, 93
Trd, 258982.317, 103
Trd, 258982.983, 92
Trd, 258983.233, 90
Trd, 258984.050, 99
Trd, 258984.433, 112
Trd, 258984.650, 115
Trd, 258985.333, 103
Trd, 258985.400, 102
Trd, 258986.017, 107
Trd, 258987.050, 102
Trd, 258987.083, 95
Trd, 258988.200, 102
Trd, 258989.167, 105
Trd, 258989.333, 103
Trd, 258989.567, 117
Trd, 258989.950, 101
Trd, 258990.233, 119
Trd, 258990.367, 98
Trd, 258990.533, 95
Trd, 258990.667, 93
Trd, 258990.700, 93
Trd, 258991.067, 111
Trd, 258991.550, 111
Trd, 258992.383, 109
Trd, 258993.283, 102
Trd, 258993.517, 98
Trd, 258994.517, 107
Trd, 258994.917, 115
Trd, 258995.400, 115
Trd, 258995.783, 103
Trd, 258996.433, 116
Trd, 258996.567, 100
Trd, 258996.817, 95
Trd, 258997.067, 93
Trd, 258997.167, 90
Trd, 258997.317, 99
Trd, 258997.400, 87
Trd, 258998.050, 98
Trd, 258998.117, 90
Trd, 258998.267, 88
Trd, 258998.317, 110
Trd, 258998.417, 112
Trd, 259000.200, 120
Trd, 259000.833, 102
Trd, 259001.100, 116
Trd, 259002.733, 113
Trd, 259003.017, 118
Trd, 259003.250, 117
Trd, 259004.017, 117
Trd, 259004.050, 116
Trd, 259004.217, 114
Trd, 259004.950, 110
Trd, 259005.067, 116
Trd, 259005.650, 109
Trd, 259005.933, 105
Trd, 259005.967, 111
Trd, 259006.267, 103
Trd, 259006.417, 98
Trd, 259007.217, 100
Trd, 259008.267, 99
Trd, 259008.433, 98
Trd, 259009.067, 101
Trd, 259010.667, 98
Trd, 259010.683, 92
Trd, 259010.733, 100
Trd, 259011.183, 101
Trd, 259011.567, 110
Trd, 259011.783, 112
Trd, 259012.500, 103
Trd, 259012.850, 102
Trd, 259013.083, 114
Trd, 259014.333, 97
Trd, 259014.800, 98
Trd, 259014.983, 97
Trd, 259016.133, 114
Trd, 259016.283, 96
Trd, 259016.683, 95
Trd, 259017.617, 106
Trd, 259017.817, 86
Trd, 259017.983, 94
Trd, 259018.433, 115
Trd, 259019.167, 106
Trd, 259019.750, 117
Trd, 259020.150, 112
Trd, 259020.400, 106
Trd, 259020.783, 105
Trd, 259020.883, 114
Trd, 259021.917, 114
Trd, 259022.017, 112
Trd, 259022.183, 111
Trd, 259022.383, 102
Trd, 259022.500, 102
Trd, 259022.650, 113
Trd, 259022.733, 101
Trd, 259023.867, 97
Trd, 259024.300, 85
Trd, 259024.767, 93
Trd, 259025.133, 88
Trd, 259025.233, 89
Trd, 259025.567, 95
Trd, 259025.583, 108
Trd, 259025.750, 117
Trd, 259026.767, 89
Trd, 259026.867, 86
Trd, 259028.217, 121
Trd, 259028.233, 114
Trd, 259028.433, 113
Trd, 259029.400, 116
Trd, 259029.467, 113
Trd, 259029.783, 114
Trd, 259029.817, 109
Trd, 259030.050, 130
Trd, 259031.150, 124
Trd, 259031.483, 115
Trd, 259031.900, 101
Trd, 259032.200, 85
Trd, 259032.900, 93
Trd, 259033.333, 87
Trd, 259034.183, 101
Trd, 259034.200, 100
Trd, 259034.317, 103
Trd, 259035.933, 106
Trd, 259036.117, 103
Trd, 259036.367, 84
Trd, 259036.400, 112
Trd, 259037.133, 95
Trd, 259038.817, 105
Trd, 259039.000, 104
Trd, 259039.383, 112
Trd, 259039.667, 109
Trd, 259039.833, 109
Trd, 259039.950, 108
Trd, 259040.450, 104
Trd, 259040.617, 115
Trd, 259041.683, 122
Trd, 259041.700, 84
Trd, 259042.000, 89
Trd, 259042.450, 104
Trd, 259043.083, 105
Trd, 259043.350, 113
Trd, 259043.567, 94
Trd, 259044.200, 112
Trd, 259045.417, 94
Trd, 259045.550, 94
Trd, 259046.233, 99
Trd, 259046.350, 100
Trd, 259047.000, 102
Trd, 259047.167, 95
Trd, 259047.500, 112
Trd, 259047.800, 104
Trd, 259047.850, 95
Trd, 259048.067, 112
Trd, 259048.533, 86
Trd, 259049.117, 90
Trd, 259049.150, 116
Trd, 259049.300, 109
Trd, 259050.033, 90
Trd, 259050.400, 117
Trd, 259051.867, 114
Trd, 259052.683, 115
Trd, 259053.250, 120
Trd, 259053.517, 114
Trd, 259053.867, 104
Trd, 259053.950, 103
Trd, 259054.567, 103
Trd, 259055.083, 113
Trd, 259055.267, 96
Trd, 259055.650, 101
Trd, 259055.867, 101
Trd, 259056.450, 95
Trd, 259056.833, 112
Trd, 259057.533, 110
Trd, 259058.133, 110
Trd, 259058.500, 102
Trd, 259058.667, 91
Trd, 259059.417, 108
Trd, 259059.550, 92
Trd, 259059.650, 84
Trd, 259060.067, 95
Trd, 259060.517, 101
Trd, 259061.283, 91
Trd, 259061.700, 112
Trd, 259061.900, 86
Trd, 259062.633, 89
Trd, 259062.967, 97
Trd, 259063.900, 96
Trd, 259064.667, 99
Trd, 259065.550, 103
Trd, 259065.967, 98
Trd, 259066.850, 109
Trd, 259067.467, 103
Trd, 259067.900, 99
Trd, 259068.033, 103
Trd, 259069.117, 108
Trd, 259069.200, 99
Trd, 259069.733, 97
Trd, 259070.150, 100
Trd, 259070.433, 109
Trd, 259070.633, 112
Trd, 259070.733, 111
Trd, 259071.400, 109
Trd, 259071.450, 95
Trd, 259071.550, 84
Trd, 259071.600, 83
Trd, 259071.867, 100
Trd, 259072.517, 121
Trd, 259072.883, 116
Trd, 259073.383, 119
Trd, 259074.117, 119
Trd, 259074.500, 118
Trd, 259075.467, 109
Trd, 259075.917, 97
Trd, 259076.433, 100
Trd, 259076.567, 112
Trd, 259076.950, 98
Trd, 259077.850, 115
Trd, 259077.917, 110
Trd, 259078.483, 95
Trd, 259079.283, 118
Trd, 259080.083, 117
Trd, 259080.467, 92
Trd, 259080.933, 99
Trd, 259080.967, 110
Trd, 259081.017, 82
Trd, 259081.450, 95
Trd, 259082.050, 96
Trd, 259082.717, 96
Trd, 259083.383, 116
Trd, 259083.750, 99
Trd, 259084.200, 112
Trd, 259084.233, 111
Trd, 259084.500, 112
Trd, 259084.900, 102
Trd, 259084.983, 97
Trd, 259085.000, 116
Trd, 259085.183, 95
Trd, 259086.200, 100
Trd, 259086.467, 96
Trd, 259087.100, 95
Trd, 259087.450, 112
Trd, 259087.767, 96
Trd, 259087.983, 95
Trd, 259088.100, 98
Trd, 259089.450, 115
Trd, 259090.117, 114
Trd, 259090.267, 110
Trd, 259092.200, 113
Trd, 259092.350, 118
Trd, 259092.817, 111
Trd, 259092.950, 109
Trd, 259092.967, 100
Trd, 259093.683, 108
Trd, 259093.733, 106
Trd, 259093.967, 95
Trd, 259094.050, 99
Trd, 259094.150, 97
Trd, 259094.500, 90
Trd, 259094.767, 120
Trd, 259095.367, 93
Trd, 259095.850, 120
Trd, 259096.233, 93
Trd, 259096.767, 99
Trd, 259097.083, 106
Trd, 259097.617, 98
Trd, 259097.817, 84
Trd, 259099.000, 117
Trd, 259099.167, 116
Trd, 259099.850, 122
Trd, 259100.033, 116
Trd, 259100.233, 115
Trd, 259102.100, 98
Trd, 259102.450, 94
Trd, 259103.150, 95
Trd, 259103.367, 98
Trd, 259104.150, 112
Trd, 259105.017, 106
Trd, 259105.533, 116
Trd, 259106.467, 115
Trd, 259106.500, 115
Trd, 259107.233, 115
Trd, 259107.717, 110
Trd, 259108.267, 113
Trd, 259108.850, 94
Trd, 259109.667, 114
Trd, 259109.700, 113
Trd, 259110.033, 100
Trd, 259110.100, 95
Trd, 259110.467, 104
Trd, 259110.583, 91
Trd, 259111.417, 92
Trd, 259111.617, 110
Trd, 259113.567, 93
Trd, 259113.583, 96
Trd, 259113.700, 99
Trd, 259113.767, 111
Trd, 259114.783, 111
Trd, 259114.867, 95
Trd, 259115.100, 99
Trd, 259116.217, 116
Trd, 259116.300, 116
Trd, 259116.333, 115
Trd, 259117.683, 98
Trd, 259117.983, 99
Trd, 259118.600, 93
Trd, 259119.067, 110
Trd, 259119.133, 109
Trd, 259119.567, 93
Trd, 259119.700, 93
Trd, 259119.883, 92
Trd, 259119.950, 92
Trd, 259120.867, 112
Trd, 259121.250, 98
Trd, 259121.483, 111
Trd, 259122.250, 116
Trd, 259122.633, 97
Trd, 259122.933, 95
Trd, 259124.383, 100
Trd, 259124.967, 106
Trd, 259125.133, 112
Trd, 259125.767, 113
Trd, 259126.267, 106
Trd, 259126.317, 105
Trd, 259127.250, 97
Trd, 259127.317, 107
Trd, 259127.433, 85
Trd, 259127.733, 120
Trd, 259128.117, 106
Trd, 259128.200, 93
Trd, 259128.367, 92
Trd, 259129.700, 115
Trd, 259129.800, 110
Trd, 259129.883, 109
Trd, 259130.000, 100
Trd, 259130.283, 106
Trd, 259131.217, 100
Trd, 259131.600, 99
Trd, 259132.083, 115
Trd, 259132.150, 116
Trd, 259133.000, 99
Trd, 259133.283, 99
Trd, 259135.767, 112
Trd, 259136.000, 108
Trd, 259136.067, 108
Trd, 259136.100, 104
Trd, 259136.467, 102
Trd, 259136.583, 101
Trd, 259136.650, 116
Trd, 259136.833, 104
Trd, 259137.183, 99
Trd, 259137.517, 112
Trd, 259137.567, 97
Trd, 259137.883, 97
Trd, 259138.617, 112
Trd, 259138.633, 98
Trd, 259138.933, 95
Trd, 259140.250, 106
Trd, 259141.900, 103
Trd, 259142.800, 112
Trd, 259143.300, 112
Trd, 259143.317, 111
Trd, 259143.417, 112
Trd, 259145.733, 99
Trd, 259145.867, 101
Trd, 259145.883, 105
Trd, 259146.233, 97
Trd, 259147.167, 109
Trd, 259147.450, 108
Trd, 259147.650, 95
Trd, 259147.683, 102
Trd, 259148.117, 90
Trd, 259148.500, 89
Trd, 259148.633, 109
Trd, 259149.167, 86
Trd, 259149.183, 85
Trd, 259150.367, 94
Trd, 259150.583, 94
Trd, 259151.133, 117
Trd, 259151.783, 99
Trd, 259152.017, 98
Trd, 259153.233, 103
Trd, 259153.317, 102
Trd, 259153.467, 101
Trd, 259153.800, 118
Trd, 259154.067, 93
Trd, 259154.650, 94
Trd, 259154.750, 120
Trd, 259154.833, 84
Trd, 259155.383, 93
Trd, 259155.833, 113
Trd, 259156.133, 107
Trd, 259156.400, 112
Trd, 259157.133, 102
Trd, 259157.467, 101
Trd, 259157.767, 96
Trd, 259157.883, 91
Trd, 259158.183, 103
Trd, 259158.467, 111
Trd, 259159.633, 100
Trd, 259159.800, 93
Trd, 259161.133, 94
Trd, 259161.500, 88
Trd, 259162.300, 95
Trd, 259163.300, 93
Trd, 259163.567, 89
Trd, 259163.733, 103
Trd, 259163.867, 88
Trd, 259163.967, 112
Trd, 259164.100, 119
Trd, 259166.167, 120
Trd, 259166.333, 91
Trd, 259167.683, 111
Trd, 259167.900, 109
Trd, 259168.167, 112
Trd, 259168.450, 110
Trd, 259169.017, 106
Trd, 259169.217, 100
Trd, 259170.383, 107
Trd, 259170.517, 106
Trd, 259170.917, 95
Trd, 259171.483, 84
Trd, 259171.633, 91
Trd, 259171.917, 109
Trd, 259172.500, 111
Trd, 259172.950, 109
Trd, 259173.317, 117
Trd, 259173.400, 118
Trd, 259173.417, 109
Trd, 259173.767, 108
Trd, 259174.617, 100
Trd, 259175.150, 106
Trd, 259175.817, 116
Trd, 259176.250, 115
Trd, 259176.500, 101
Trd, 259177.433, 88
Trd, 259178.500, 92
Trd, 259179.083, 91
Trd, 259179.917, 100
Trd, 259180.183, 101
Trd, 259180.717, 96
Trd, 259181.000, 92
Trd, 259181.167, 112
Trd, 259181.717, 90
Trd, 259181.867, 93
Trd, 259182.050, 98
Trd, 259182.417, 100
Trd, 259183.233, 126
Trd, 259183.517, 123
Trd, 259183.533, 109
Trd, 259183.867, 99
Trd, 259184.217, 97
Trd, 259185.333, 105
Trd, 259185.450, 93
Trd, 259185.917, 82
Trd, 259186.267, 116
Trd, 259186.433, 93
Trd, 259187.017, 109
Trd, 259188.117, 94
Trd, 259188.333, 88
Trd, 259188.800, 98
Trd, 259189.283, 102
Trd, 259189.417, 105
Trd, 259190.117, 113
Trd, 259190.200, 100
Trd, 259190.217, 95
Trd, 259190.583, 112
Trd, 259190.817, 91
Trd, 259190.950, 86
Trd, 259191.700, 102
Trd, 259191.933, 96
Trd, 259192.183, 88
Trd, 259192.550, 100
Trd, 259193.867, 103
Trd, 259194.717, 102
Trd, 259194.967, 112
Trd, 259195.967, 111
Trd, 259196.267, 110
Trd, 259196.467, 109
Trd, 259196.767, 110
Trd, 259196.817, 108
Trd, 259197.667, 114
Trd, 259198.200, 93
Trd, 259198.683, 95
Trd, 259199.083, 98
Trd, 259199.583, 111
Trd, 259199.983, 95
