Trd, 258518.050, 102
Trd, 258518.117, 99
Trd, 258519.183, 104
Trd, 258519.300, 98
Trd, 258519.883, 95
Trd, 258519.933, 94
Trd, 258520.467, 93
Trd, 258520.600, 96
Trd, 258520.833, 93
Trd, 258521.183, 97
Trd, 258521.483, 93
Trd, 258522.383, 117
Trd, 258522.433, 116
Trd, 258523.283, 95
Trd, 258523.300, 100
Trd, 258524.717, 100
Trd, 258525.050, 101
Trd, 258525.333, 99
Trd, 258525.850, 99
Trd, 258526.683, 98
Trd, 258526.717, 98
Trd, 258526.783, 102
Trd, 258526.800, 94
Trd, 258526.817, 93
Trd, 258527.467, 92
Trd, 258528.317, 106
Trd, 258528.750, 102
Trd, 258529.467, 96
Trd, 258529.700, 105
Trd, 258529.883, 96
Trd, 258529.933, 107
Trd, 258530.233, 110
Trd, 258530.250, 93
Trd, 258530.433, 92
Trd, 258530.550, 114
Trd, 258530.717, 90
Trd, 258531.017, 112
Trd, 258531.700, 93
Trd, 258532.617, 102
Trd, 258532.717, 96
Trd, 258533.600, 96
Trd, 258533.617, 95
Trd, 258533.750, 90
Trd, 258533.950, 104
Trd, 258534.133, 92
Trd, 258534.300, 89
Trd, 258534.483, 86
Trd, 258534.533, 119
Trd, 258534.750, 85
Trd, 258536.417, 112
Trd, 258536.467, 111
Trd, 258537.217, 111
Trd, 258537.383, 113
Trd, 258537.500, 108
Trd, 258537.817, 115
Trd, 258538.167, 109
Trd, 258538.400, 106
Trd, 258538.550, 96
Trd, 258539.117, 101
Trd, 258539.533, 126
Trd, 258540.100, 105
Trd, 258540.717, 105
Trd, 258541.333, 114
Trd, 258541.467, 110
Trd, 258541.750, 109
Trd, 258542.000, 99
Trd, 258542.117, 94
Trd, 258542.683, 93
Trd, 258543.500, 95
Trd, 258544.150, 96
Trd, 258544.683, 96
Trd, 258544.850, 94
Trd, 258545.867, 86
Trd, 258545.933, 98
Trd, 258546.017, 91
Trd, 258546.183, 84
Trd, 258546.350, 106
Trd, 258546.717, 116
Trd, 258547.133, 114
Trd, 258547.567, 90
Trd, 258547.867, 88
Trd, 258548.183, 87
Trd, 258548.567, 97
Trd, 258549.367, 95
Trd, 258549.600, 94
Trd, 258549.750, 108
Trd, 258550.133, 108
Trd, 258550.517, 100
Trd, 258550.600, 101
Trd, 258550.683, 93
Trd, 258551.233, 95
Trd, 258551.250, 109
Trd, 258551.467, 110
Trd, 258551.900, 107
Trd, 258552.350, 94
Trd, 258552.600, 88
Trd, 258552.950, 96
Trd, 258552.967, 104
Trd, 258553.067, 117
Trd, 258553.267, 96
Trd, 258554.033, 97
Trd, 258554.850, 95
Trd, 258555.917, 109
Trd, 258557.033, 96
Trd, 258557.117, 95
Trd, 258557.583, 110
Trd, 258557.783, 103
Trd, 258558.483, 106
Trd, 258558.850, 111
Trd, 258558.917, 95
Trd, 258559.217, 98
Trd, 258559.583, 94
Trd, 258559.633, 93
Trd, 258560.000, 96
Trd, 258560.317, 90
Trd, 258561.067, 96
Trd, 258561.367, 89
Trd, 258561.783, 87
Trd, 258562.583, 91
Trd, 258562.883, 98
Trd, 258562.917, 91
Trd, 258563.033, 116
Trd, 258563.083, 87
Trd, 258563.367, 118
Trd, 258564.100, 108
Trd, 258564.633, 106
Trd, 258565.117, 90
Trd, 258565.600, 108
Trd, 258565.950, 110
Trd, 258566.583, 118
Trd, 258566.650, 121
Trd, 258566.700, 117
Trd, 258567.217, 106
Trd, 258567.450, 122
Trd, 258567.683, 123
Trd, 258567.850, 97
Trd, 258568.300, 93
Trd, 258568.317, 88
Trd, 258568.533, 101
Trd, 258569.100, 98
Trd, 258569.967, 95
Trd, 258570.233, 95
Trd, 258570.367, 98
Trd, 258570.667, 90
Trd, 258570.900, 105
Trd, 258571.050, 89
Trd, 258571.733, 94
Trd, 258572.383, 88
Trd, 258572.500, 98
Trd, 258572.817, 87
Trd, 258572.850, 99
Trd, 258573.500, 86
Trd, 258574.033, 89
Trd, 258574.500, 101
Trd, 258574.517, 88
Trd, 258574.617, 85
Trd, 258575.150, 95
Trd, 258576.100, 98
Trd, 258576.800, 87
Trd, 258577.117, 100
Trd, 258577.433, 109
Trd, 258577.733, 98
Trd, 258577.817, 94
Trd, 258577.967, 93
Trd, 258578.133, 108
Trd, 258578.467, 88
Trd, 258579.583, 91
Trd, 258579.833, 88
Trd, 258580.233, 96
Trd, 258580.650, 88
Trd, 258581.300, 97
Trd, 258581.350, 107
Trd, 258581.417, 99
Trd, 258581.950, 108
Trd, 258582.117, 95
Trd, 258582.167, 90
Trd, 258582.300, 86
Trd, 258582.700, 99
Trd, 258583.350, 120
Trd, 258583.367, 95
Trd, 258583.917, 123
Trd, 258584.550, 92
Trd, 258584.633, 107
Trd, 258584.767, 86
Trd, 258585.133, 95
Trd, 258585.183, 109
Trd, 258585.300, 88
Trd, 258585.900, 86
Trd, 258586.850, 96
Trd, 258586.867, 115
Trd, 258587.317, 102
Trd, 258587.783, 95
Trd, 258588.317, 94
Trd, 258588.650, 97
Trd, 258588.950, 93
Trd, 258589.383, 91
Trd, 258589.800, 90
Trd, 258589.900, 95
Trd, 258590.217, 91
Trd, 258590.383, 94
Trd, 258590.767, 105
Trd, 258591.150, 122
Trd, 258591.267, 90
Trd, 258591.600, 105
Trd, 258592.300, 108
Trd, 258593.117, 108
Trd, 258594.050, 108
Trd, 258594.267, 106
Trd, 258594.333, 102
Trd, 258595.300, 96
Trd, 258595.450, 106
Trd, 258595.600, 95
Trd, 258595.850, 103
Trd, 258596.083, 94
Trd, 258596.167, 93
Trd, 258597.033, 104
Trd, 258597.300, 90
Trd, 258597.383, 93
Trd, 258598.133, 98
Trd, 258598.250, 99
Trd, 258599.533, 95
Trd, 258599.767, 103
Trd, 258600.000, 99
Trd, 258600.500, 95
Trd, 258601.367, 103
Trd, 258601.433, 96
Trd, 258601.700, 105
Trd, 258601.717, 99
Trd, 258601.900, 103
Trd, 258602.000, 104
Trd, 258603.333, 106
Trd, 258603.350, 90
Trd, 258603.450, 85
Trd, 258603.633, 87
Trd, 258603.800, 85
Trd, 258605.000, 112
Trd, 258605.083, 101
Trd, 258605.417, 101
Trd, 258605.567, 94
Trd, 258605.617, 110
Trd, 258605.633, 93
Trd, 258605.717, 93
Trd, 258606.767, 110
Trd, 258606.817, 85
Trd, 258607.200, 112
Trd, 258607.517, 94
Trd, 258608.150, 98
Trd, 258609.333, 110
Trd, 258609.417, 102
Trd, 258609.600, 101
Trd, 258610.150, 105
Trd, 258610.267, 109
Trd, 258610.333, 90
Trd, 258610.483, 113
Trd, 258610.883, 94
Trd, 258610.917, 88
Trd, 258611.983, 93
Trd, 258612.000, 88
Trd, 258612.200, 86
Trd, 258612.233, 108
Trd, 258613.800, 92
Trd, 258614.333, 92
Trd, 258615.067, 90
Trd, 258615.617, 94
Trd, 258616.567, 92
Trd, 258616.667, 92
Trd, 258616.983, 93
Trd, 258617.017, 95
Trd, 258617.117, 92
Trd, 258617.317, 91
Trd, 258617.333, 100
Trd, 258617.433, 88
Trd, 258617.450, 98
Trd, 258617.983, 107
Trd, 258618.217, 93
Trd, 258618.250, 86
Trd, 258618.633, 110
Trd, 258618.783, 117
Trd, 258619.533, 96
Trd, 258620.433, 92
Trd, 258620.800, 85
Trd, 258620.817, 87
Trd, 258620.867, 84
Trd, 258620.967, 98
Trd, 258621.083, 100
Trd, 258621.400, 82
Trd, 258621.517, 90
Trd, 258622.317, 100
Trd, 258622.483, 102
Trd, 258622.733, 103
Trd, 258623.750, 93
Trd, 258623.883, 101
Trd, 258624.317, 94
Trd, 258624.883, 92
Trd, 258624.900, 91
Trd, 258624.950, 90
Trd, 258625.917, 108
Trd, 258626.033, 109
Trd, 258627.000, 99
Trd, 258627.167, 98
Trd, 258627.300, 94
Trd, 258627.950, 96
Trd, 258628.050, 94
Trd, 258628.583, 97
Trd, 258628.850, 95
Trd, 258629.050, 93
Trd, 258629.217, 91
Trd, 258629.750, 97
Trd, 258630.417, 100
Trd, 258631.417, 91
Trd, 258632.367, 94
Trd, 258632.567, 94
Trd, 258632.700, 95
Trd, 258632.733, 96
Trd, 258632.833, 94
Trd, 258633.467, 97
Trd, 258633.967, 93
Trd, 258634.750, 93
Trd, 258635.933, 97
Trd, 258636.533, 98
Trd, 258637.167, 93
Trd, 258637.383, 99
Trd, 258637.950, 95
Trd, 258638.117, 100
Trd, 258638.400, 93
Trd, 258638.567, 96
Trd, 258638.650, 101
Trd, 258638.817, 100
Trd, 258638.833, 105
Trd, 258639.450, 96
Trd, 258639.583, 93
Trd, 258639.633, 90
Trd, 258640.033, 108
Trd, 258640.050, 109
Trd, 258640.067, 121
Trd, 258641.700, 94
Trd, 258641.850, 114
Trd, 258641.867, 91
Trd, 258641.967, 87
Trd, 258642.150, 123
Trd, 258642.733, 86
Trd, 258642.783, 84
Trd, 258643.717, 86
Trd, 258644.000, 81
Trd, 258644.183, 83
Trd, 258644.217, 85
Trd, 258644.700, 87
Trd, 258644.833, 77
Trd, 258645.000, 90
Trd, 258645.067, 76
Trd, 258645.933, 95
Trd, 258646.583, 100
Trd, 258646.600, 104
Trd, 258646.933, 105
Trd, 258647.717, 96
Trd, 258648.717, 99
Trd, 258648.750, 103
Trd, 258649.217, 98
Trd, 258649.300, 109
Trd, 258649.433, 97
Trd, 258649.550, 93
Trd, 258650.467, 92
Trd, 258650.533, 93
Trd, 258650.550, 88
Trd, 258650.583, 94
Trd, 258651.117, 116
Trd, 258651.417, 122
Trd, 258651.550, 91
Trd, 258652.133, 103
Trd, 258652.783, 103
Trd, 258653.150, 104
Trd, 258653.717, 108
Trd, 258653.950, 109
Trd, 258654.217, 102
Trd, 258654.300, 100
Trd, 258654.467, 110
Trd, 258654.967, 94
Trd, 258656.250, 95
Trd, 258656.267, 93
Trd, 258656.350, 112
Trd, 258657.833, 95
Trd, 258658.000, 90
Trd, 258658.983, 93
Trd, 258659.133, 92
Trd, 258659.150, 98
Trd, 258659.267, 94
Trd, 258660.233, 90
Trd, 258660.250, 93
Trd, 258660.550, 90
Trd, 258660.683, 95
Trd, 258661.900, 99
Trd, 258661.983, 104
Trd, 258662.033, 107
Trd, 258662.333, 94
Trd, 258663.033, 111
Trd, 258663.317, 96
Trd, 258664.017, 85
Trd, 258664.517, 111
Trd, 258664.633, 97
Trd, 258664.683, 96
Trd, 258666.500, 98
Trd, 258666.767, 96
Trd, 258666.800, 99
Trd, 258666.967, 95
Trd, 258667.000, 93
Trd, 258667.417, 105
Trd, 258668.733, 114
Trd, 258668.783, 109
Trd, 258668.900, 101
Trd, 258669.633, 93
Trd, 258669.783, 112
Trd, 258669.817, 114
Trd, 258669.950, 115
Trd, 258670.000, 90
Trd, 258670.667, 95
Trd, 258670.967, 88
Trd, 258671.550, 95
Trd, 258672.600, 110
Trd, 258673.050, 101
Trd, 258673.283, 108
Trd, 258673.933, 98
Trd, 258674.717, 110
Trd, 258674.933, 106
Trd, 258675.083, 105
Trd, 258675.500, 111
Trd, 258676.083, 93
Trd, 258676.600, 93
Trd, 258677.217, 111
Trd, 258677.267, 94
Trd, 258677.450, 100
Trd, 258677.633, 90
Trd, 258677.833, 87
Trd, 258678.267, 109
Trd, 258678.650, 104
Trd, 258679.233, 105
Trd, 258679.250, 113
Trd, 258679.317, 116
Trd, 258679.467, 93
Trd, 258679.683, 99
Trd, 258681.033, 113
Trd, 258681.567, 107
Trd, 258682.100, 96
Trd, 258682.167, 95
Trd, 258682.450, 93
Trd, 258683.783, 93
Trd, 258683.883, 103
Trd, 258684.000, 104
Trd, 258684.233, 93
Trd, 258684.550, 95
Trd, 258684.800, 99
Trd, 258684.850, 90
Trd, 258685.767, 90
Trd, 258685.933, 89
Trd, 258686.517, 106
Trd, 258686.850, 93
Trd, 258686.950, 87
Trd, 258687.483, 103
Trd, 258688.400, 102
Trd, 258688.500, 96
Trd, 258689.067, 82
Trd, 258689.500, 94
Trd, 258689.633, 93
Trd, 258690.033, 102
Trd, 258690.200, 96
Trd, 258690.817, 87
Trd, 258691.600, 93
Trd, 258691.633, 103
Trd, 258691.967, 90
Trd, 258692.350, 97
Trd, 258692.383, 105
Trd, 258692.833, 107
Trd, 258693.050, 114
Trd, 258693.167, 94
Trd, 258693.317, 92
Trd, 258694.733, 95
Trd, 258695.283, 103
Trd, 258695.683, 103
Trd, 258695.983, 104
Trd, 258696.050, 105
Trd, 258696.117, 103
Trd, 258696.150, 102
Trd, 258696.300, 109
Trd, 258697.250, 98
Trd, 258697.467, 93
Trd, 258697.583, 97
Trd, 258697.717, 93
Trd, 258697.833, 101
Trd, 258698.567, 95
Trd, 258699.433, 91
Trd, 258699.583, 91
Trd, 258700.433, 101
Trd, 258700.567, 92
Trd, 258701.417, 92
Trd, 258701.550, 93
Trd, 258701.817, 98
Trd, 258701.833, 96
Trd, 258701.850, 95
Trd, 258702.033, 103
Trd, 258702.683, 113
Trd, 258703.833, 93
Trd, 258704.317, 91
Trd, 258704.700, 90
Trd, 258705.317, 104
Trd, 258705.550, 111
Trd, 258705.950, 95
Trd, 258706.183, 98
Trd, 258706.450, 94
Trd, 258707.033, 98
Trd, 258707.683, 95
Trd, 258708.233, 99
Trd, 258708.300, 97
Trd, 258708.333, 93
Trd, 258708.417, 107
Trd, 258708.867, 91
Trd, 258708.883, 99
Trd, 258708.933, 90
Trd, 258709.350, 99
Trd, 258709.600, 100
Trd, 258710.217, 96
Trd, 258710.650, 110
Trd, 258711.100, 108
Trd, 258711.567, 103
Trd, 258711.933, 96
Trd, 258711.983, 114
Trd, 258713.750, 96
Trd, 258713.833, 95
Trd, 258714.683, 97
Trd, 258714.700, 103
Trd, 258714.750, 95
Trd, 258715.067, 112
Trd, 258715.317, 93
Trd, 258716.133, 93
Trd, 258717.367, 95
Trd, 258717.533, 104
Trd, 258717.883, 101
Trd, 258717.933, 104
Trd, 258717.967, 93
Trd, 258718.033, 106
Trd, 258718.500, 106
Trd, 258719.667, 97
Trd, 258720.017, 104
Trd, 258720.100, 95
Trd, 258721.017, 116
Trd, 258721.500, 115
Trd, 258722.067, 116
Trd, 258722.633, 107
Trd, 258722.650, 97
Trd, 258722.817, 93
Trd, 258723.483, 108
Trd, 258723.850, 97
Trd, 258724.450, 93
Trd, 258724.533, 90
Trd, 258724.567, 89
Trd, 258724.983, 95
Trd, 258725.067, 109
Trd, 258725.267, 88
Trd, 258725.617, 90
Trd, 258725.767, 116
Trd, 258725.817, 89
Trd, 258726.450, 87
Trd, 258726.600, 100
Trd, 258726.717, 109
Trd, 258726.817, 104
Trd, 258727.167, 87
Trd, 258728.517, 113
Trd, 258728.750, 98
Trd, 258729.867, 98
Trd, 258730.100, 98
Trd, 258730.167, 95
Trd, 258730.217, 102
Trd, 258732.250, 101
Trd, 258732.700, 111
Trd, 258732.767, 111
Trd, 258733.350, 99
Trd, 258733.383, 98
Trd, 258733.417, 96
Trd, 258734.500, 98
Trd, 258734.617, 110
Trd, 258734.733, 95
Trd, 258735.617, 96
Trd, 258735.750, 110
Trd, 258736.367, 102
Trd, 258736.433, 93
Trd, 258736.933, 108
Trd, 258737.500, 104
Trd, 258737.683, 103
Trd, 258737.833, 93
Trd, 258738.467, 100
Trd, 258738.783, 92
Trd, 258739.817, 95
Trd, 258739.850, 90
Trd, 258739.967, 88
Trd, 258739.983, 103
Trd, 258740.600, 83
Trd, 258740.900, 92
Trd, 258740.950, 93
Trd, 258741.283, 98
Trd, 258741.650, 87
Trd, 258741.733, 99
Trd, 258741.900, 104
Trd, 258742.950, 88
Trd, 258743.017, 87
Trd, 258743.450, 82
Trd, 258743.550, 107
Trd, 258743.567, 109
Trd, 258743.967, 85
Trd, 258745.383, 94
Trd, 258745.683, 96
Trd, 258745.850, 92
Trd, 258746.117, 96
Trd, 258746.600, 99
Trd, 258746.833, 104
Trd, 258747.233, 109
Trd, 258747.317, 105
Trd, 258747.717, 104
Trd, 258747.817, 93
Trd, 258748.067, 112
Trd, 258748.550, 109
Trd, 258749.033, 94
Trd, 258749.167, 92
Trd, 258749.967, 91
Trd, 258750.983, 94
Trd, 258751.150, 91
Trd, 258751.467, 99
Trd, 258752.233, 125
Trd, 258752.350, 94
Trd, 258752.400, 125
Trd, 258752.650, 91
Trd, 258753.333, 92
Trd, 258753.433, 97
Trd, 258753.550, 91
Trd, 258753.583, 117
Trd, 258754.083, 117
Trd, 258754.133, 90
Trd, 258754.433, 100
Trd, 258754.517, 94
Trd, 258754.983, 93
Trd, 258756.317, 110
Trd, 258756.717, 94
Trd, 258756.767, 92
Trd, 258758.450, 93
Trd, 258758.467, 99
Trd, 258759.000, 93
Trd, 258759.283, 92
Trd, 258759.750, 91
Trd, 258759.833, 103
Trd, 258760.467, 96
Trd, 258761.217, 95
Trd, 258761.767, 95
Trd, 258761.900, 93
Trd, 258761.933, 101
Trd, 258762.150, 94
Trd, 258762.383, 102
Trd, 258762.500, 92
Trd, 258762.600, 90
Trd, 258763.200, 103
Trd, 258763.350, 105
Trd, 258764.250, 110
Trd, 258764.583, 90
Trd, 258764.733, 111
Trd, 258764.883, 85
Trd, 258765.083, 84
Trd, 258765.133, 82
Trd, 258765.450, 96
Trd, 258766.850, 87
Trd, 258766.950, 84
Trd, 258767.717, 102
Trd, 258768.133, 107
Trd, 258768.267, 96
Trd, 258768.317, 95
Trd, 258768.467, 84
Trd, 258768.950, 97
Trd, 258769.083, 88
Trd, 258769.700, 88
Trd, 258770.033, 104
Trd, 258770.417, 92
Trd, 258770.883, 110
Trd, 258771.367, 104
Trd, 258771.450, 100
Trd, 258771.683, 104
Trd, 258771.983, 99
Trd, 258772.017, 95
Trd, 258772.233, 103
Trd, 258772.517, 104
Trd, 258772.567, 95
Trd, 258773.083, 109
Trd, 258774.033, 97
Trd, 258774.283, 94
Trd, 258774.417, 90
Trd, 258774.550, 102
Trd, 258775.667, 98
Trd, 258776.100, 96
Trd, 258776.250, 95
Trd, 258776.600, 90
Trd, 258776.617, 111
Trd, 258778.317, 98
Trd, 258778.667, 97
Trd, 258779.233, 102
Trd, 258780.100, 103
Trd, 258780.967, 96
Trd, 258781.267, 90
Trd, 258781.383, 88
Trd, 258781.817, 87
Trd, 258781.833, 96
Trd, 258782.083, 87
Trd, 258782.333, 87
Trd, 258782.483, 98
Trd, 258782.933, 91
Trd, 258782.967, 105
Trd, 258783.700, 111
Trd, 258783.983, 107
Trd, 258784.050, 113
Trd, 258784.333, 94
Trd, 258785.567, 95
Trd, 258785.833, 99
Trd, 258785.867, 93
Trd, 258786.033, 100
Trd, 258786.517, 87
Trd, 258787.517, 119
Trd, 258787.667, 115
Trd, 258788.050, 107
Trd, 258788.767, 95
Trd, 258789.050, 95
Trd, 258789.367, 94
Trd, 258789.567, 93
Trd, 258789.833, 112
Trd, 258790.650, 92
Trd, 258791.017, 91
Trd, 258791.117, 100
Trd, 258792.183, 109
Trd, 258792.267, 104
Trd, 258792.583, 97
Trd, 258792.833, 94
Trd, 258792.900, 108
Trd, 258793.667, 95
Trd, 258794.200, 98
Trd, 258794.250, 102
Trd, 258794.333, 103
Trd, 258794.483, 96
Trd, 258794.700, 93
Trd, 258795.000, 103
Trd, 258795.200, 104
Trd, 258795.400, 109
Trd, 258795.750, 90
Trd, 258796.017, 95
Trd, 258796.150, 95
Trd, 258797.767, 107
Trd, 258798.167, 105
Trd, 258798.900, 93
Trd, 258799.650, 90
Trd, 258799.800, 96
Trd, 258799.817, 99
Trd, 258799.867, 89
Trd, 258800.467, 96
Trd, 258800.783, 95
Trd, 258801.400, 92
Trd, 258801.850, 92
Trd, 258802.083, 93
Trd, 258802.933, 94
Trd, 258803.033, 95
Trd, 258803.067, 95
Trd, 258803.117, 96
Trd, 258803.250, 98
Trd, 258803.917, 92
Trd, 258804.050, 101
Trd, 258804.117, 90
Trd, 258805.100, 102
Trd, 258805.467, 103
Trd, 258806.217, 106
Trd, 258806.267, 105
Trd, 258806.750, 104
Trd, 258807.633, 103
Trd, 258807.917, 106
Trd, 258808.650, 105
Trd, 258808.750, 104
Trd, 258808.883, 112
Trd, 258809.683, 106
Trd, 258809.733, 98
Trd, 258809.967, 93
Trd, 258810.000, 106
Trd, 258810.317, 93
Trd, 258810.867, 90
Trd, 258811.250, 93
Trd, 258811.383, 92
Trd, 258812.183, 84
Trd, 258812.500, 86
Trd, 258812.733, 95
Trd, 258812.933, 91
Trd, 258814.283, 94
Trd, 258814.367, 94
Trd, 258814.617, 94
Trd, 258814.650, 95
Trd, 258815.150, 102
Trd, 258816.200, 105
Trd, 258816.217, 106
Trd, 258816.333, 96
Trd, 258816.450, 93
Trd, 258816.567, 97
Trd, 258816.967, 116
Trd, 258817.417, 87
Trd, 258817.667, 93
Trd, 258818.167, 99
Trd, 258818.917, 105
Trd, 258819.033, 96
Trd, 258819.200, 95
Trd, 258819.600, 92
Trd, 258820.033, 107
Trd, 258820.200, 108
Trd, 258821.333, 96
Trd, 258821.617, 99
Trd, 258822.083, 95
Trd, 258822.100, 93
Trd, 258822.167, 103
Trd, 258822.550, 109
Trd, 258822.983, 106
Trd, 258823.383, 92
Trd, 258823.500, 109
Trd, 258823.533, 90
Trd, 258824.383, 101
Trd, 258824.733, 109
Trd, 258824.750, 97
Trd, 258824.883, 96
Trd, 258825.200, 92
Trd, 258825.367, 96
Trd, 258826.367, 92
Trd, 258826.500, 114
Trd, 258826.783, 108
Trd, 258827.233, 109
Trd, 258827.250, 106
Trd, 258827.600, 113
Trd, 258827.917, 105
Trd, 258828.400, 99
Trd, 258828.483, 105
Trd, 258828.783, 99
Trd, 258829.667, 94
Trd, 258829.867, 97
Trd, 258831.050, 95
Trd, 258831.117, 93
Trd, 258831.217, 92
Trd, 258831.250, 90
Trd, 258831.417, 98
Trd, 258831.483, 99
Trd, 258831.533, 86
Trd, 258831.817, 108
Trd, 258832.033, 87
Trd, 258832.800, 107
Trd, 258832.883, 93
Trd, 258832.917, 108
Trd, 258833.183, 111
Trd, 258834.217, 92
Trd, 258834.917, 96
Trd, 258835.433, 99
Trd, 258835.467, 98
Trd, 258835.500, 96
Trd, 258835.533, 95
Trd, 258835.900, 98
Trd, 258836.850, 126
Trd, 258837.400, 115
Trd, 258837.850, 104
Trd, 258838.250, 96
Trd, 258838.283, 91
Trd, 258838.300, 90
Trd, 258839.167, 102
Trd, 258839.200, 103
Trd, 258839.317, 102
Trd, 258839.450, 103
Trd, 258839.717, 103
Trd, 258839.800, 96
Trd, 258841.117, 97
Trd, 258841.333, 95
Trd, 258841.450, 105
Trd, 258841.733, 102
Trd, 258841.767, 86
Trd, 258842.650, 87
Trd, 258843.383, 101
Trd, 258843.800, 102
Trd, 258844.200, 89
Trd, 258844.767, 88
Trd, 258844.917, 96
Trd, 258845.300, 88
Trd, 258845.900, 89
Trd, 258846.167, 102
Trd, 258846.317, 87
Trd, 258846.967, 104
Trd, 258847.017, 97
Trd, 258847.750, 87
Trd, 258847.983, 97
Trd, 258848.400, 100
Trd, 258848.517, 103
Trd, 258849.183, 94
Trd, 258849.583, 102
Trd, 258850.133, 115
Trd, 258850.417, 96
Trd, 258850.967, 95
Trd, 258851.067, 100
Trd, 258851.383, 93
Trd, 258851.717, 111
Trd, 258851.750, 115
Trd, 258851.817, 92
Trd, 258852.000, 89
Trd, 258852.300, 75
Trd, 258852.517, 101
Trd, 258854.300, 97
Trd, 258854.367, 99
Trd, 258854.483, 103
Trd, 258854.617, 102
Trd, 258855.500, 97
Trd, 258855.683, 96
Trd, 258855.867, 95
Trd, 258855.950, 93
Trd, 258855.983, 90
Trd, 258856.183, 100
Trd, 258856.467, 96
Trd, 258856.683, 92
Trd, 258857.100, 97
Trd, 258859.050, 95
Trd, 258859.117, 97
Trd, 258859.700, 99
Trd, 258860.067, 97
Trd, 258860.083, 92
Trd, 258860.117, 100
Trd, 258860.500, 104
Trd, 258860.717, 86
Trd, 258860.817, 108
Trd, 258860.983, 109
Trd, 258861.000, 88
Trd, 258861.400, 117
Trd, 258861.983, 110
Trd, 258862.067, 109
Trd, 258864.500, 103
Trd, 258864.617, 109
Trd, 258864.767, 98
Trd, 258864.933, 96
Trd, 258865.100, 101
Trd, 258866.550, 106
Trd, 258866.567, 93
Trd, 258866.633, 84
Trd, 258866.800, 115
Trd, 258866.833, 87
Trd, 258867.067, 115
Trd, 258867.500, 84
Trd, 258868.517, 88
Trd, 258868.800, 90
Trd, 258869.183, 104
Trd, 258869.267, 97
Trd, 258869.933, 97
Trd, 258869.967, 120
Trd, 258870.367, 121
Trd, 258870.983, 113
Trd, 258871.100, 101
Trd, 258871.267, 100
Trd, 258871.650, 116
Trd, 258871.717, 116
Trd, 258872.017, 95
Trd, 258872.300, 95
Trd, 258872.317, 96
Trd, 258872.333, 93
Trd, 258872.617, 92
Trd, 258873.150, 108
Trd, 258873.500, 106
Trd, 258873.517, 122
Trd, 258873.933, 92
Trd, 258874.900, 90
Trd, 258875.133, 87
Trd, 258875.717, 88
Trd, 258875.850, 98
Trd, 258876.833, 94
Trd, 258877.117, 91
Trd, 258877.317, 102
Trd, 258877.667, 110
Trd, 258877.717, 111
Trd, 258878.117, 117
Trd, 258878.583, 94
Trd, 258878.750, 107
Trd, 258878.850, 94
Trd, 258879.083, 125
Trd, 258879.133, 93
Trd, 258879.700, 95
Trd, 258880.167, 94
Trd, 258880.717, 93
Trd, 258881.117, 107
Trd, 258881.733, 95
Trd, 258882.133, 126
Trd, 258882.433, 113
Trd, 258882.467, 122
Trd, 258882.867, 107
Trd, 258883.283, 106
Trd, 258884.300, 94
Trd, 258884.667, 93
Trd, 258884.700, 90
Trd, 258884.750, 113
Trd, 258885.517, 95
Trd, 258886.117, 97
Trd, 258888.100, 91
Trd, 258888.117, 95
Trd, 258888.283, 91
Trd, 258888.417, 90
Trd, 258888.550, 89
Trd, 258888.917, 94
Trd, 258889.033, 89
Trd, 258889.933, 94
Trd, 258890.133, 91
Trd, 258890.650, 108
Trd, 258891.300, 97
Trd, 258891.583, 99
Trd, 258891.817, 101
Trd, 258891.967, 108
Trd, 258892.100, 96
Trd, 258892.183, 95
Trd, 258892.250, 94
Trd, 258894.283, 95
Trd, 258894.300, 98
Trd, 258894.517, 93
Trd, 258894.783, 96
Trd, 258895.333, 95
Trd, 258895.383, 94
Trd, 258895.550, 94
Trd, 258895.617, 93
Trd, 258896.317, 91
Trd, 258897.733, 91
Trd, 258897.800, 90
Trd, 258897.833, 93
Trd, 258898.217, 97
Trd, 258898.833, 88
Trd, 258899.033, 101
Trd, 258899.733, 101
Trd, 258899.933, 92
Trd, 258900.233, 102
Trd, 258900.483, 94
Trd, 258901.600, 104
Trd, 258901.650, 96
Trd, 258901.700, 95
Trd, 258902.017, 115
Trd, 258902.100, 95
Trd, 258902.500, 94
Trd, 258903.417, 97
Trd, 258904.250, 93
Trd, 258904.350, 90
Trd, 258904.517, 89
Trd, 258904.767, 106
Trd, 258905.000, 98
Trd, 258906.033, 95
Trd, 258906.750, 87
Trd, 258906.767, 92
Trd, 258906.817, 93
Trd, 258907.650, 93
Trd, 258907.883, 84
Trd, 258908.083, 111
Trd, 258908.133, 83
Trd, 258908.717, 77
Trd, 258909.050, 85
Trd, 258909.467, 103
Trd, 258909.650, 104
Trd, 258909.667, 114
Trd, 258909.917, 95
Trd, 258910.117, 91
Trd, 258910.383, 92
Trd, 258910.667, 89
Trd, 258911.217, 94
Trd, 258912.150, 97
Trd, 258912.450, 107
Trd, 258913.350, 99
Trd, 258913.583, 99
Trd, 258913.967, 104
Trd, 258914.467, 112
Trd, 258914.550, 98
Trd, 258914.900, 96
Trd, 258915.017, 113
Trd, 258915.183, 93
Trd, 258916.083, 99
Trd, 258916.450, 95
Trd, 258917.600, 105
Trd, 258917.917, 114
Trd, 258917.950, 115
Trd, 258917.967, 98
Trd, 258918.433, 91
Trd, 258918.467, 90
Trd, 258918.933, 93
Trd, 258919.367, 91
Trd, 258919.500, 98
Trd, 258919.683, 91
Trd, 258920.033, 88
Trd, 258920.283, 87
Trd, 258920.383, 84
Trd, 258921.217, 85
Trd, 258921.250, 92
Trd, 258921.367, 93
Trd, 258921.667, 90
Trd, 258921.717, 95
Trd, 258922.283, 91
Trd, 258923.067, 101
Trd, 258923.750, 101
Trd, 258923.783, 100
Trd, 258923.917, 104
Trd, 258924.083, 97
Trd, 258924.517, 102
Trd, 258925.250, 99
Trd, 258926.350, 93
Trd, 258926.783, 92
Trd, 258926.850, 91
Trd, 258927.550, 91
Trd, 258927.800, 90
Trd, 258928.317, 88
Trd, 258928.867, 91
Trd, 258928.950, 92
Trd, 258929.150, 88
Trd, 258929.550, 90
Trd, 258929.750, 93
Trd, 258929.950, 95
Trd, 258930.017, 88
Trd, 258930.117, 100
Trd, 258930.533, 87
Trd, 258930.583, 105
Trd, 258930.650, 86
Trd, 258931.417, 99
Trd, 258931.633, 100
Trd, 258932.133, 91
Trd, 258932.317, 99
Trd, 258932.350, 90
Trd, 258933.217, 98
Trd, 258933.283, 84
Trd, 258933.500, 95
Trd, 258933.533, 99
Trd, 258934.200, 105
Trd, 258934.417, 97
Trd, 258934.967, 95
Trd, 258935.317, 96
Trd, 258935.450, 88
Trd, 258935.567, 87
Trd, 258935.833, 86
Trd, 258936.467, 85
Trd, 258936.917, 110
Trd, 258937.467, 113
Trd, 258938.350, 109
Trd, 258938.783, 109
Trd, 258938.933, 113
Trd, 258939.083, 96
Trd, 258939.183, 95
Trd, 258939.433, 123
Trd, 258939.700, 95
Trd, 258940.017, 122
Trd, 258940.167, 123
Trd, 258940.467, 90
Trd, 258940.967, 111
Trd, 258941.233, 96
Trd, 258941.283, 87
Trd, 258942.117, 97
Trd, 258942.717, 96
Trd, 258943.150, 97
Trd, 258943.333, 96
Trd, 258943.350, 95
Trd, 258943.867, 94
Trd, 258944.250, 91
Trd, 258944.533, 97
Trd, 258945.333, 99
Trd, 258945.417, 104
Trd, 258945.967, 99
Trd, 258946.400, 91
Trd, 258946.717, 107
Trd, 258947.000, 104
Trd, 258947.900, 88
Trd, 258948.083, 88
Trd, 258948.550, 98
Trd, 258948.850, 109
Trd, 258949.017, 123
Trd, 258949.050, 94
Trd, 258949.383, 91
Trd, 258949.433, 89
Trd, 258949.567, 125
Trd, 258949.617, 94
Trd, 258950.617, 88
Trd, 258951.800, 114
Trd, 258952.150, 112
Trd, 258952.350, 107
Trd, 258952.600, 98
Trd, 258953.233, 100
Trd, 258953.567, 98
Trd, 258953.700, 94
Trd, 258954.283, 111
Trd, 258954.650, 101
Trd, 258954.733, 96
Trd, 258955.183, 106
Trd, 258955.267, 94
Trd, 258955.300, 90
Trd, 258956.083, 86
Trd, 258956.417, 94
Trd, 258956.500, 93
Trd, 258956.933, 86
Trd, 258957.100, 84
Trd, 258957.683, 102
Trd, 258958.867, 91
Trd, 258959.133, 104
Trd, 258959.583, 103
Trd, 258959.700, 104
Trd, 258959.817, 95
Trd, 258960.550, 101
Trd, 258960.700, 105
Trd, 258961.067, 109
Trd, 258961.217, 115
Trd, 258961.367, 101
Trd, 258961.733, 103
Trd, 258963.000, 104
Trd, 258964.100, 102
Trd, 258964.650, 103
Trd, 258964.967, 101
Trd, 258965.217, 96
Trd, 258965.717, 94
Trd, 258965.767, 104
Trd, 258965.783, 93
Trd, 258965.950, 92
Trd, 258966.317, 96
Trd, 258966.700, 87
Trd, 258966.950, 89
Trd, 258968.150, 94
Trd, 258968.267, 95
Trd, 258968.400, 95
Trd, 258968.417, 93
Trd, 258968.617, 102
Trd, 258968.750, 103
Trd, 258969.283, 92
Trd, 258969.550, 105
Trd, 258969.683, 110
Trd, 258969.733, 90
Trd, 258969.983, 87
Trd, 258970.750, 84
Trd, 258971.233, 84
Trd, 258971.333, 108
Trd, 258972.017, 81
Trd, 258972.150, 80
Trd, 258972.383, 84
Trd, 258972.667, 95
Trd, 258973.383, 95
Trd, 258974.950, 98
Trd, 258975.383, 97
Trd, 258975.767, 95
Trd, 258975.850, 96
Trd, 258975.933, 91
Trd, 258976.233, 99
Trd, 258976.633, 90
Trd, 258977.617, 103
Trd, 258978.450, 91
Trd, 258979.000, 91
Trd, 258979.083, 93
Trd, 258979.517, 94
Trd, 258979.567, 90
Trd, 258979.617, 87
Trd, 258979.900, 98
Trd, 258979.950, 99
Trd, 258980.083, 103
Trd, 258980.200, 87
Trd, 258980.683, 85
Trd, 258981.417, 98
Trd, 258982.200, 109
Trd, 258983.833, 101
Trd, 258984.050, 103
Trd, 258984.167, 99
Trd, 258984.367, 97
Trd, 258984.633, 95
Trd, 258984.867, 101
Trd, 258984.983, 108
Trd, 258985.050, 112
Trd, 258985.167, 93
Trd, 258985.817, 91
Trd, 258985.950, 114
Trd, 258986.167, 113
Trd, 258986.467, 109
Trd, 258986.667, 105
Trd, 258986.717, 90
Trd, 258987.200, 116
Trd, 258988.433, 98
Trd, 258988.650, 97
Trd, 258989.083, 103
Trd, 258989.233, 96
Trd, 258989.383, 95
Trd, 258989.833, 94
Trd, 258990.100, 103
Trd, 258990.617, 88
Trd, 258990.817, 89
Trd, 258991.683, 93
Trd, 258991.917, 93
Trd, 258992.550, 94
Trd, 258992.833, 96
Trd, 258993.083, 106
Trd, 258993.283, 87
Trd, 258994.283, 101
Trd, 258994.750, 107
Trd, 258995.117, 97
Trd, 258995.833, 98
Trd, 258995.850, 98
Trd, 258995.900, 111
Trd, 258996.267, 97
Trd, 258996.583, 102
Trd, 258997.183, 96
Trd, 258997.333, 108
Trd, 258997.683, 96
Trd, 258997.783, 108
Trd, 258998.083, 110
Trd, 258998.100, 92
Trd, 258999.083, 95
Trd, 258999.100, 91
Trd, 258999.467, 99
Trd, 258999.533, 91
Trd, 259000.150, 106
Trd, 259000.450, 90
Trd, 259000.750, 114
Trd, 259001.083, 84
Trd, 259001.283, 99
Trd, 259001.383, 83
Trd, 259001.650, 104
Trd, 259001.867, 89
Trd, 259001.933, 86
Trd, 259002.583, 113
Trd, 259003.200, 85
Trd, 259003.683, 90
Trd, 259004.467, 86
Trd, 259004.817, 85
Trd, 259005.400, 85
Trd, 259005.533, 95
Trd, 259005.750, 97
Trd, 259006.083, 109
Trd, 259006.283, 116
Trd, 259006.867, 95
Trd, 259006.933, 120
Trd, 259007.217, 93
Trd, 259008.133, 90
Trd, 259008.517, 94
Trd, 259008.983, 87
Trd, 259009.600, 98
Trd, 259009.650, 99
Trd, 259009.800, 98
Trd, 259010.033, 98
Trd, 259010.050, 97
Trd, 259010.183, 95
Trd, 259010.300, 94
Trd, 259011.100, 108
Trd, 259011.167, 90
Trd, 259011.267, 110
Trd, 259012.667, 112
Trd, 259013.017, 107
Trd, 259013.167, 106
Trd, 259013.533, 94
Trd, 259014.350, 90
Trd, 259015.250, 102
Trd, 259015.267, 100
Trd, 259015.867, 100
Trd, 259015.917, 99
Trd, 259016.317, 97
Trd, 259016.350, 90
Trd, 259016.550, 89
Trd, 259017.500, 87
Trd, 259017.567, 90
Trd, 259017.683, 96
Trd, 259018.017, 94
Trd, 259018.500, 93
Trd, 259018.717, 92
Trd, 259018.867, 98
Trd, 259019.250, 95
Trd, 259019.533, 98
Trd, 259019.667, 104
Trd, 259020.317, 109
Trd, 259020.600, 109
Trd, 259021.233, 113
Trd, 259021.417, 112
Trd, 259021.800, 94
Trd, 259022.550, 91
Trd, 259023.050, 98
Trd, 259023.450, 88
Trd, 259023.867, 90
Trd, 259023.917, 97
Trd, 259024.933, 97
Trd, 259025.917, 95
Trd, 259026.383, 99
Trd, 259026.550, 100
Trd, 259027.067, 91
Trd, 259027.117, 109
Trd, 259027.500, 90
Trd, 259027.683, 87
Trd, 259027.950, 104
Trd, 259028.100, 109
Trd, 259028.150, 89
Trd, 259028.533, 113
Trd, 259029.750, 111
Trd, 259029.850, 106
Trd, 259029.900, 100
Trd, 259030.550, 97
Trd, 259030.567, 96
Trd, 259030.833, 95
Trd, 259031.000, 111
Trd, 259031.400, 94
Trd, 259032.217, 94
Trd, 259032.250, 110
Trd, 259033.017, 96
Trd, 259033.250, 96
Trd, 259033.267, 105
Trd, 259033.433, 93
Trd, 259033.650, 111
Trd, 259034.733, 95
Trd, 259035.250, 103
Trd, 259035.550, 103
Trd, 259035.633, 104
Trd, 259035.733, 95
Trd, 259036.017, 114
Trd, 259036.167, 115
Trd, 259036.500, 109
Trd, 259036.800, 107
Trd, 259037.383, 95
Trd, 259037.567, 93
Trd, 259037.700, 91
Trd, 259038.117, 99
Trd, 259038.483, 92
Trd, 259039.300, 103
Trd, 259039.500, 91
Trd, 259039.533, 90
Trd, 259039.650, 104
Trd, 259040.133, 93
Trd, 259040.250, 94
Trd, 259040.450, 87
Trd, 259040.717, 84
Trd, 259040.933, 76
Trd, 259041.000, 101
Trd, 259041.150, 108
Trd, 259042.217, 87
Trd, 259042.350, 91
Trd, 259043.433, 110
Trd, 259043.533, 101
Trd, 259043.600, 101
Trd, 259043.617, 100
Trd, 259043.950, 106
Trd, 259044.300, 95
Trd, 259044.783, 114
Trd, 259046.150, 95
Trd, 259046.683, 101
Trd, 259048.083, 107
Trd, 259048.233, 95
Trd, 259048.617, 99
Trd, 259048.967, 93
Trd, 259049.533, 92
Trd, 259049.900, 91
Trd, 259050.083, 96
Trd, 259050.500, 91
Trd, 259051.317, 94
Trd, 259051.367, 95
Trd, 259051.450, 96
Trd, 259051.517, 89
Trd, 259051.767, 107
Trd, 259052.033, 110
Trd, 259052.150, 111
Trd, 259052.600, 104
Trd, 259053.000, 103
Trd, 259053.050, 90
Trd, 259053.917, 96
Trd, 259054.167, 113
Trd, 259054.700, 123
Trd, 259054.783, 95
Trd, 259055.067, 93
Trd, 259055.233, 105
Trd, 259055.467, 87
Trd, 259055.850, 96
Trd, 259055.967, 85
Trd, 259056.517, 95
Trd, 259056.617, 102
Trd, 259056.883, 93
Trd, 259057.567, 108
Trd, 259057.717, 107
Trd, 259057.750, 117
Trd, 259057.867, 106
Trd, 259057.983, 118
Trd, 259058.467, 115
Trd, 259058.667, 98
Trd, 259059.900, 93
Trd, 259060.450, 93
Trd, 259060.600, 101
Trd, 259060.817, 99
Trd, 259060.867, 95
Trd, 259061.050, 115
Trd, 259061.350, 92
Trd, 259062.200, 90
Trd, 259062.267, 113
Trd, 259062.350, 87
Trd, 259062.733, 114
Trd, 259062.933, 105
Trd, 259063.833, 95
Trd, 259064.333, 99
Trd, 259065.400, 109
Trd, 259065.517, 105
Trd, 259065.800, 108
Trd, 259066.450, 102
Trd, 259066.783, 103
Trd, 259067.000, 104
Trd, 259067.317, 106
Trd, 259067.633, 101
Trd, 259067.650, 96
Trd, 259068.517, 95
Trd, 259068.683, 113
Trd, 259069.000, 97
Trd, 259069.733, 108
Trd, 259070.083, 108
Trd, 259070.533, 94
Trd, 259070.550, 104
Trd, 259071.050, 94
Trd, 259071.267, 94
Trd, 259071.583, 93
Trd, 259071.633, 90
Trd, 259071.700, 89
Trd, 259071.950, 93
Trd, 259072.200, 90
Trd, 259072.367, 89
Trd, 259072.467, 95
Trd, 259073.400, 105
Trd, 259073.617, 116
Trd, 259074.417, 98
Trd, 259074.950, 90
Trd, 259075.367, 87
Trd, 259075.467, 116
Trd, 259076.583, 92
Trd, 259077.250, 96
Trd, 259077.400, 100
Trd, 259077.500, 99
Trd, 259077.600, 92
Trd, 259078.367, 90
Trd, 259078.600, 86
Trd, 259078.783, 92
Trd, 259078.800, 85
Trd, 259079.183, 93
Trd, 259079.700, 95
Trd, 259079.833, 107
Trd, 259080.683, 103
Trd, 259080.767, 98
Trd, 259081.617, 98
Trd, 259082.300, 104
Trd, 259082.333, 97
Trd, 259083.050, 104
Trd, 259083.233, 96
Trd, 259083.283, 96
Trd, 259083.350, 93
Trd, 259083.383, 99
Trd, 259084.700, 104
Trd, 259085.150, 103
Trd, 259085.333, 105
Trd, 259085.400, 98
Trd, 259085.600, 116
Trd, 259085.950, 94
Trd, 259086.067, 95
Trd, 259086.167, 93
Trd, 259087.783, 101
Trd, 259087.850, 105
Trd, 259087.950, 107
Trd, 259088.683, 98
Trd, 259089.133, 100
Trd, 259089.233, 93
Trd, 259089.633, 91
Trd, 259089.800, 101
Trd, 259089.850, 90
Trd, 259090.450, 97
Trd, 259090.500, 98
Trd, 259090.833, 98
Trd, 259091.017, 100
Trd, 259091.450, 110
Trd, 259092.183, 97
Trd, 259092.567, 119
Trd, 259092.850, 97
Trd, 259093.417, 108
Trd, 259093.817, 112
Trd, 259094.167, 102
Trd, 259094.333, 101
Trd, 259094.383, 96
Trd, 259095.067, 99
Trd, 259095.267, 95
Trd, 259095.583, 87
Trd, 259095.617, 102
Trd, 259096.167, 104
Trd, 259096.233, 92
Trd, 259096.467, 101
Trd, 259098.083, 111
Trd, 259098.183, 115
Trd, 259098.450, 93
Trd, 259098.517, 92
Trd, 259098.567, 102
Trd, 259098.967, 91
Trd, 259099.100, 90
Trd, 259099.400, 121
Trd, 259099.417, 87
Trd, 259100.733, 88
Trd, 259100.750, 97
Trd, 259100.767, 86
Trd, 259101.600, 97
Trd, 259101.933, 93
Trd, 259102.433, 93
Trd, 259102.450, 96
Trd, 259103.050, 97
Trd, 259103.283, 102
Trd, 259103.700, 105
Trd, 259105.000, 100
Trd, 259105.100, 99
Trd, 259105.133, 97
Trd, 259105.450, 110
Trd, 259105.533, 111
Trd, 259105.983, 94
Trd, 259106.217, 90
Trd, 259106.233, 115
Trd, 259106.283, 122
Trd, 259107.167, 121
Trd, 259107.933, 119
Trd, 259108.167, 95
Trd, 259108.317, 93
Trd, 259108.650, 87
Trd, 259109.100, 86
Trd, 259109.117, 96
Trd, 259109.517, 89
Trd, 259109.917, 88
Trd, 259110.333, 87
Trd, 259110.433, 94
Trd, 259110.667, 87
Trd, 259110.983, 95
Trd, 259111.167, 84
Trd, 259111.183, 98
Trd, 259111.633, 91
Trd, 259112.100, 89
Trd, 259112.183, 87
Trd, 259112.800, 101
Trd, 259113.733, 106
Trd, 259113.767, 103
Trd, 259113.800, 95
Trd, 259114.433, 113
Trd, 259115.033, 93
Trd, 259115.250, 100
Trd, 259115.833, 93
Trd, 259116.183, 98
Trd, 259116.300, 100
Trd, 259116.383, 93
Trd, 259117.200, 98
Trd, 259118.083, 99
Trd, 259118.167, 98
Trd, 259118.417, 91
Trd, 259118.833, 102
Trd, 259118.950, 91
Trd, 259119.033, 90
Trd, 259119.167, 102
Trd, 259119.367, 89
Trd, 259119.833, 95
Trd, 259120.083, 93
Trd, 259120.100, 103
Trd, 259121.000, 87
Trd, 259121.333, 106
Trd, 259122.417, 103
Trd, 259122.733, 99
Trd, 259123.500, 97
Trd, 259123.767, 98
Trd, 259124.400, 97
Trd, 259124.450, 98
Trd, 259124.517, 123
Trd, 259124.600, 96
Trd, 259125.567, 108
Trd, 259125.700, 95
Trd, 259125.767, 115
Trd, 259126.000, 93
Trd, 259126.183, 90
Trd, 259126.567, 94
Trd, 259126.900, 86
Trd, 259126.917, 110
Trd, 259127.050, 84
Trd, 259127.200, 82
Trd, 259127.383, 78
Trd, 259128.467, 104
Trd, 259129.750, 86
Trd, 259130.533, 104
Trd, 259130.900, 103
Trd, 259131.000, 102
Trd, 259131.183, 107
Trd, 259131.250, 111
Trd, 259131.417, 97
Trd, 259131.483, 94
Trd, 259132.000, 105
Trd, 259132.250, 95
Trd, 259132.350, 93
Trd, 259132.433, 85
Trd, 259132.483, 122
Trd, 259133.583, 116
Trd, 259134.117, 95
Trd, 259134.783, 96
Trd, 259135.067, 111
Trd, 259135.550, 90
Trd, 259135.850, 107
Trd, 259136.000, 95
Trd, 259136.167, 113
Trd, 259137.033, 96
Trd, 259137.850, 109
Trd, 259138.033, 116
Trd, 259138.200, 101
Trd, 259138.300, 94
Trd, 259138.317, 93
Trd, 259138.533, 87
Trd, 259138.850, 102
Trd, 259139.017, 97
Trd, 259139.267, 95
Trd, 259139.350, 116
Trd, 259139.533, 84
Trd, 259140.083, 116
Trd, 259141.083, 100
Trd, 259141.333, 105
Trd, 259142.433, 98
Trd, 259142.517, 97
Trd, 259142.700, 95
Trd, 259142.783, 90
Trd, 259143.867, 105
Trd, 259143.950, 90
Trd, 259143.967, 89
Trd, 259144.467, 109
Trd, 259144.750, 101
Trd, 259145.367, 109
Trd, 259145.483, 102
Trd, 259145.633, 103
Trd, 259145.767, 96
Trd, 259146.300, 96
Trd, 259146.383, 93
Trd, 259147.417, 101
Trd, 259147.767, 103
Trd, 259148.233, 96
Trd, 259148.733, 92
Trd, 259149.417, 99
Trd, 259149.900, 99
Trd, 259150.183, 99
Trd, 259150.667, 99
Trd, 259150.850, 99
Trd, 259151.133, 98
Trd, 259151.350, 106
Trd, 259152.167, 110
Trd, 259152.267, 93
Trd, 259152.600, 99
Trd, 259153.500, 113
Trd, 259153.800, 110
Trd, 259153.900, 113
Trd, 259154.217, 109
Trd, 259154.383, 96
Trd, 259155.000, 100
Trd, 259155.283, 95
Trd, 259155.633, 94
Trd, 259155.750, 94
Trd, 259155.850, 93
Trd, 259156.217, 90
Trd, 259156.550, 96
Trd, 259157.083, 94
Trd, 259157.783, 93
Trd, 259157.800, 90
Trd, 259158.183, 110
Trd, 259158.283, 104
Trd, 259158.367, 90
Trd, 259158.683, 87
Trd, 259158.933, 84
Trd, 259159.067, 103
Trd, 259159.333, 84
Trd, 259160.333, 93
Trd, 259160.383, 94
Trd, 259160.717, 104
Trd, 259161.067, 104
Trd, 259161.383, 97
Trd, 259161.483, 104
Trd, 259161.783, 96
Trd, 259162.050, 105
Trd, 259162.233, 94
Trd, 259163.183, 110
Trd, 259163.217, 111
Trd, 259163.333, 98
Trd, 259163.350, 97
Trd, 259164.250, 95
Trd, 259164.350, 94
Trd, 259164.533, 93
Trd, 259164.900, 98
Trd, 259165.200, 110
Trd, 259165.400, 100
Trd, 259165.617, 93
Trd, 259165.917, 92
Trd, 259166.200, 95
Trd, 259166.633, 112
Trd, 259166.717, 87
Trd, 259166.950, 114
Trd, 259167.567, 86
Trd, 259168.150, 89
Trd, 259168.317, 109
Trd, 259169.467, 97
Trd, 259169.767, 115
Trd, 259170.183, 123
Trd, 259170.200, 99
Trd, 259171.317, 101
Trd, 259171.433, 98
Trd, 259171.750, 100
Trd, 259171.817, 95
Trd, 259171.850, 101
Trd, 259171.983, 95
Trd, 259172.533, 104
Trd, 259172.917, 93
Trd, 259173.033, 89
Trd, 259173.150, 86
Trd, 259174.250, 87
Trd, 259174.633, 99
Trd, 259174.667, 104
Trd, 259175.233, 94
Trd, 259175.650, 95
Trd, 259176.333, 92
Trd, 259176.717, 92
Trd, 259176.767, 92
Trd, 259176.917, 91
Trd, 259176.950, 90
Trd, 259177.100, 95
Trd, 259177.217, 109
Trd, 259178.367, 87
Trd, 259178.667, 84
Trd, 259179.033, 87
Trd, 259179.150, 87
Trd, 259179.283, 99
Trd, 259180.200, 104
Trd, 259180.300, 105
Trd, 259180.350, 89
Trd, 259180.700, 101
Trd, 259180.733, 118
Trd, 259181.250, 89
Trd, 259182.833, 96
Trd, 259183.233, 94
Trd, 259183.917, 98
Trd, 259184.083, 93
Trd, 259184.317, 94
Trd, 259184.450, 89
Trd, 259184.467, 84
Trd, 259184.617, 94
Trd, 259185.017, 83
Trd, 259185.033, 82
Trd, 259185.150, 95
Trd, 259185.550, 96
Trd, 259185.983, 105
Trd, 259186.033, 109
Trd, 259186.800, 84
Trd, 259187.567, 80
Trd, 259188.217, 81
Trd, 259189.067, 86
Trd, 259189.250, 87
Trd, 259189.833, 95
Trd, 259189.867, 98
Trd, 259190.217, 109
Trd, 259190.400, 117
Trd, 259190.633, 113
Trd, 259190.667, 100
Trd, 259191.583, 99
Trd, 259191.600, 95
Trd, 259191.617, 93
Trd, 259191.667, 93
Trd, 259192.117, 94
Trd, 259192.700, 98
Trd, 259192.983, 96
Trd, 259194.250, 99
Trd, 259194.850, 97
Trd, 259194.867, 94
Trd, 259195.700, 103
Trd, 259196.000, 96
Trd, 259196.183, 106
Trd, 259196.367, 106
Trd, 259196.433, 105
Trd, 259196.450, 95
Trd, 259196.967, 127
Trd, 259197.433, 128
Trd, 259197.517, 129
Trd, 259197.567, 126
Trd, 259197.717, 102
Trd, 259198.217, 96
Trd, 259198.350, 90
Trd, 259198.367, 87
Trd, 259198.733, 104
Trd, 259199.233, 88
Trd, 259199.433, 87
Trd, 259199.617, 103
