Trd, 258499.450, 220
Trd, 258500.200, 220
Trd, 258500.500, 211
Trd, 258500.983, 214
Trd, 258501.133, 217
Trd, 258501.283, 215
Trd, 258501.317, 215
Trd, 258501.633, 217
Trd, 258502.183, 210
Trd, 258502.267, 215
Trd, 258502.383, 218
Trd, 258503.317, 216
Trd, 258503.567, 218
Trd, 258503.867, 218
Trd, 258504.150, 222
Trd, 258504.217, 226
Trd, 258504.383, 226
Trd, 258505.167, 202
Trd, 258505.817, 210
Trd, 258506.133, 210
Trd, 258506.467, 212
Trd, 258507.417, 217
Trd, 258507.717, 218
Trd, 258508.783, 216
Trd, 258508.950, 214
Trd, 258509.500, 217
Trd, 258510.200, 206
Trd, 258510.750, 214
Trd, 258511.100, 215
Trd, 258511.567, 212
Trd, 258511.733, 211
Trd, 258511.917, 207
Trd, 258512.183, 213
Trd, 258512.317, 219
Trd, 258512.983, 225
Trd, 258514.400, 216
Trd, 258514.817, 221
Trd, 258515.183, 212
Trd, 258515.250, 226
Trd, 258515.683, 229
Trd, 258515.717, 213
Trd, 258515.967, 212
Trd, 258516.767, 212
Trd, 258516.883, 213
Trd, 258517.333, 225
Trd, 258517.483, 201
Trd, 258518.050, 225
Trd, 258518.267, 224
Trd, 258518.367, 226
Trd, 258518.717, 226
Trd, 258519.483, 221
Trd, 258519.567, 225
Trd, 258519.883, 212
Trd, 258520.850, 213
Trd, 258521.100, 214
Trd, 258521.267, 215
Trd, 258521.400, 218
Trd, 258521.783, 225
Trd, 258521.817, 214
Trd, 258521.867, 213
Trd, 258522.817, 205
Trd, 258522.883, 197
Trd, 258523.417, 220
Trd, 258524.450, 219
Trd, 258524.967, 220
Trd, 258525.083, 226
Trd, 258526.250, 227
Trd, 258526.267, 222
Trd, 258526.950, 221
Trd, 258527.050, 224
Trd, 258527.250, 225
Trd, 258527.850, 226
Trd, 258528.100, 227
Trd, 258528.883, 222
Trd, 258528.967, 225
Trd, 258529.000, 220
Trd, 258529.317, 209
Trd, 258529.883, 219
Trd, 258530.317, 223
Trd, 258530.750, 221
Trd, 258531.117, 218
Trd, 258532.183, 217
Trd, 258532.350, 218
Trd, 258532.533, 218
Trd, 258533.433, 219
Trd, 258533.500, 202
Trd, 258533.717, 221
Trd, 258534.567, 200
Trd, 258535.117, 203
Trd, 258535.733, 198
Trd, 258535.750, 204
Trd, 258535.900, 207
Trd, 258536.017, 208
Trd, 258537.233, 221
Trd, 258538.350, 213
Trd, 258538.583, 222
Trd, 258538.600, 199
Trd, 258538.917, 199
Trd, 258539.100, 217
Trd, 258539.133, 230
Trd, 258539.183, 248
Trd, 258540.800, 221
Trd, 258540.867, 215
Trd, 258541.150, 214
Trd, 258542.067, 224
Trd, 258542.350, 222
Trd, 258542.767, 205
Trd, 258543.100, 224
Trd, 258543.367, 226
Trd, 258543.883, 198
Trd, 258544.217, 196
Trd, 258544.383, 201
Trd, 258544.950, 217
Trd, 258545.200, 218
Trd, 258546.683, 214
Trd, 258547.350, 214
Trd, 258548.100, 205
Trd, 258549.133, 201
Trd, 258549.233, 202
Trd, 258549.483, 201
Trd, 258550.183, 200
Trd, 258550.300, 202
Trd, 258550.317, 203
Trd, 258550.483, 206
Trd, 258550.600, 206
Trd, 258550.817, 210
Trd, 258551.067, 221
Trd, 258551.150, 202
Trd, 258551.567, 205
Trd, 258552.017, 216
Trd, 258552.067, 218
Trd, 258552.800, 217
Trd, 258552.917, 220
Trd, 258553.283, 224
Trd, 258553.783, 226
Trd, 258554.500, 244
Trd, 258554.567, 224
Trd, 258555.517, 226
Trd, 258555.717, 232
Trd, 258555.750, 224
Trd, 258555.867, 216
Trd, 258556.183, 198
Trd, 258557.400, 226
Trd, 258558.033, 193
Trd, 258558.167, 214
Trd, 258558.300, 215
Trd, 258558.583, 216
Trd, 258558.967, 205
Trd, 258559.050, 218
Trd, 258559.733, 217
Trd, 258560.017, 202
Trd, 258561.267, 209
Trd, 258561.567, 208
Trd, 258562.967, 209
Trd, 258563.117, 207
Trd, 258563.283, 210
Trd, 258563.733, 197
Trd, 258564.200, 210
Trd, 258564.250, 214
Trd, 258564.883, 218
Trd, 258565.117, 208
Trd, 258565.167, 224
Trd, 258565.417, 206
Trd, 258565.467, 224
Trd, 258566.050, 202
Trd, 258566.283, 204
Trd, 258566.517, 207
Trd, 258566.533, 218
Trd, 258566.967, 202
Trd, 258568.033, 210
Trd, 258568.417, 210
Trd, 258568.967, 205
Trd, 258569.700, 219
Trd, 258570.567, 197
Trd, 258570.917, 205
Trd, 258571.400, 202
Trd, 258571.483, 203
Trd, 258571.950, 204
Trd, 258572.233, 205
Trd, 258572.717, 209
Trd, 258573.183, 210
Trd, 258574.233, 202
Trd, 258574.517, 217
Trd, 258574.583, 196
Trd, 258574.717, 205
Trd, 258574.867, 218
Trd, 258574.967, 220
Trd, 258575.633, 223
Trd, 258576.217, 216
Trd, 258576.817, 221
Trd, 258577.083, 214
Trd, 258577.183, 221
Trd, 258578.517, 202
Trd, 258578.750, 201
Trd, 258579.083, 220
Trd, 258579.417, 221
Trd, 258579.450, 222
Trd, 258579.550, 224
Trd, 258579.983, 226
Trd, 258581.000, 217
Trd, 258581.750, 220
Trd, 258582.017, 221
Trd, 258582.050, 222
Trd, 258582.183, 217
Trd, 258583.000, 224
Trd, 258583.167, 232
Trd, 258583.183, 219
Trd, 258583.400, 238
Trd, 258583.433, 218
Trd, 258583.500, 214
Trd, 258584.633, 227
Trd, 258586.267, 217
Trd, 258586.500, 213
Trd, 258587.417, 213
Trd, 258588.317, 212
Trd, 258588.350, 204
Trd, 258588.550, 210
Trd, 258588.733, 203
Trd, 258589.250, 217
Trd, 258589.817, 218
Trd, 258590.367, 220
Trd, 258590.617, 214
Trd, 258590.633, 223
Trd, 258591.050, 203
Trd, 258591.150, 235
Trd, 258591.167, 236
Trd, 258591.367, 207
Trd, 258591.767, 218
Trd, 258592.667, 205
Trd, 258593.100, 206
Trd, 258593.567, 209
Trd, 258593.767, 210
Trd, 258593.833, 224
Trd, 258593.867, 197
Trd, 258594.717, 226
Trd, 258594.850, 225
Trd, 258596.150, 223
Trd, 258596.667, 224
Trd, 258597.067, 225
Trd, 258597.083, 226
Trd, 258597.283, 222
Trd, 258597.567, 216
Trd, 258599.133, 199
Trd, 258599.283, 203
Trd, 258599.367, 204
Trd, 258599.483, 223
Trd, 258600.133, 201
Trd, 258600.317, 215
Trd, 258600.550, 216
Trd, 258601.050, 221
Trd, 258601.883, 213
Trd, 258602.400, 214
Trd, 258602.567, 213
Trd, 258602.917, 215
Trd, 258603.017, 216
Trd, 258603.167, 214
Trd, 258603.317, 214
Trd, 258603.467, 193
Trd, 258603.783, 216
Trd, 258604.083, 218
Trd, 258604.833, 215
Trd, 258604.850, 216
Trd, 258605.267, 220
Trd, 258606.150, 223
Trd, 258606.517, 227
Trd, 258608.100, 210
Trd, 258609.000, 226
Trd, 258609.100, 208
Trd, 258609.650, 227
Trd, 258610.483, 208
Trd, 258610.550, 212
Trd, 258610.600, 225
Trd, 258610.917, 226
Trd, 258611.017, 205
Trd, 258611.033, 199
Trd, 258611.267, 195
Trd, 258612.133, 224
Trd, 258612.217, 225
Trd, 258612.950, 223
Trd, 258614.133, 202
Trd, 258615.267, 210
Trd, 258615.417, 211
Trd, 258615.600, 215
Trd, 258615.967, 215
Trd, 258616.950, 222
Trd, 258616.983, 217
Trd, 258617.200, 222
Trd, 258617.450, 212
Trd, 258617.833, 221
Trd, 258618.983, 217
Trd, 258619.067, 216
Trd, 258619.383, 219
Trd, 258619.850, 205
Trd, 258619.867, 218
Trd, 258620.500, 216
Trd, 258621.200, 206
Trd, 258621.867, 218
Trd, 258622.250, 215
Trd, 258622.467, 216
Trd, 258622.767, 215
Trd, 258623.200, 220
Trd, 258623.217, 224
Trd, 258623.683, 225
Trd, 258623.817, 218
Trd, 258624.367, 220
Trd, 258624.717, 221
Trd, 258625.850, 222
Trd, 258625.883, 215
Trd, 258626.050, 199
Trd, 258626.850, 224
Trd, 258627.633, 205
Trd, 258628.033, 207
Trd, 258628.067, 199
Trd, 258628.383, 210
Trd, 258629.683, 204
Trd, 258630.150, 206
Trd, 258630.483, 200
Trd, 258630.717, 203
Trd, 258631.067, 204
Trd, 258631.517, 206
Trd, 258631.883, 205
Trd, 258632.000, 210
Trd, 258632.867, 214
Trd, 258632.933, 218
Trd, 258634.183, 221
Trd, 258634.300, 217
Trd, 258634.717, 217
Trd, 258634.850, 216
Trd, 258636.333, 218
Trd, 258636.950, 206
Trd, 258637.250, 217
Trd, 258637.533, 218
Trd, 258639.200, 207
Trd, 258639.367, 214
Trd, 258639.500, 213
Trd, 258640.017, 215
Trd, 258641.367, 218
Trd, 258641.600, 218
Trd, 258641.867, 209
Trd, 258642.067, 219
Trd, 258642.083, 220
Trd, 258642.200, 208
Trd, 258642.683, 224
Trd, 258642.700, 226
Trd, 258643.617, 208
Trd, 258644.250, 218
Trd, 258644.783, 222
Trd, 258645.900, 222
Trd, 258646.117, 222
Trd, 258646.600, 218
Trd, 258646.617, 222
Trd, 258647.617, 219
Trd, 258647.700, 221
Trd, 258647.883, 218
Trd, 258648.150, 223
Trd, 258648.167, 223
Trd, 258648.583, 209
Trd, 258649.867, 225
Trd, 258650.183, 219
Trd, 258651.333, 206
Trd, 258651.400, 222
Trd, 258651.867, 222
Trd, 258653.583, 215
Trd, 258653.817, 216
Trd, 258654.433, 216
Trd, 258654.533, 217
Trd, 258655.417, 218
Trd, 258655.467, 219
Trd, 258655.517, 218
Trd, 258655.617, 223
Trd, 258656.217, 214
Trd, 258656.300, 222
Trd, 258656.833, 222
Trd, 258657.100, 224
Trd, 258657.500, 216
Trd, 258657.983, 215
Trd, 258658.467, 217
Trd, 258658.667, 199
Trd, 258659.067, 214
Trd, 258660.033, 201
Trd, 258660.133, 222
Trd, 258660.217, 223
Trd, 258660.700, 222
Trd, 258660.850, 224
Trd, 258661.067, 218
Trd, 258661.600, 228
Trd, 258662.250, 223
Trd, 258662.500, 229
Trd, 258662.650, 222
Trd, 258662.733, 231
Trd, 258662.900, 227
Trd, 258664.283, 219
Trd, 258664.550, 205
Trd, 258664.933, 218
Trd, 258665.250, 217
Trd, 258665.567, 219
Trd, 258665.667, 211
Trd, 258666.200, 217
Trd, 258666.683, 220
Trd, 258667.283, 222
Trd, 258667.450, 222
Trd, 258667.683, 223
Trd, 258668.367, 222
Trd, 258668.967, 222
Trd, 258669.733, 223
Trd, 258669.983, 220
Trd, 258670.167, 218
Trd, 258670.183, 225
Trd, 258670.617, 226
Trd, 258670.983, 194
Trd, 258671.033, 216
Trd, 258671.950, 226
Trd, 258672.050, 193
Trd, 258673.233, 204
Trd, 258674.283, 200
Trd, 258674.967, 209
Trd, 258675.000, 200
Trd, 258675.150, 210
Trd, 258675.850, 204
Trd, 258676.567, 214
Trd, 258676.700, 214
Trd, 258677.050, 212
Trd, 258677.133, 215
Trd, 258677.500, 215
Trd, 258678.850, 215
Trd, 258678.933, 216
Trd, 258679.633, 208
Trd, 258679.750, 218
Trd, 258679.767, 219
Trd, 258680.083, 222
Trd, 258680.400, 224
Trd, 258681.350, 204
Trd, 258681.667, 205
Trd, 258682.017, 215
Trd, 258682.667, 215
Trd, 258683.917, 207
Trd, 258684.650, 213
Trd, 258684.700, 212
Trd, 258684.767, 214
Trd, 258685.117, 214
Trd, 258685.183, 215
Trd, 258685.650, 218
Trd, 258686.217, 226
Trd, 258686.700, 226
Trd, 258687.267, 204
Trd, 258687.800, 204
Trd, 258688.367, 203
Trd, 258688.517, 205
Trd, 258688.867, 218
Trd, 258688.933, 217
Trd, 258689.067, 221
Trd, 258690.200, 236
Trd, 258690.717, 229
Trd, 258690.883, 234
Trd, 258691.033, 220
Trd, 258691.517, 216
Trd, 258692.067, 231
Trd, 258692.750, 218
Trd, 258692.900, 217
Trd, 258694.583, 221
Trd, 258694.800, 216
Trd, 258696.383, 212
Trd, 258696.683, 204
Trd, 258697.200, 202
Trd, 258697.867, 208
Trd, 258698.050, 208
Trd, 258698.583, 202
Trd, 258698.750, 188
Trd, 258699.350, 208
Trd, 258699.867, 208
Trd, 258700.200, 198
Trd, 258700.450, 208
Trd, 258700.467, 209
Trd, 258700.600, 210
Trd, 258700.967, 214
Trd, 258701.517, 215
Trd, 258702.667, 226
Trd, 258703.183, 225
Trd, 258703.333, 226
Trd, 258703.733, 217
Trd, 258704.233, 224
Trd, 258704.300, 225
Trd, 258704.733, 225
Trd, 258704.750, 226
Trd, 258705.233, 229
Trd, 258705.933, 219
Trd, 258706.150, 218
Trd, 258706.633, 222
Trd, 258706.833, 224
Trd, 258707.917, 216
Trd, 258708.483, 213
Trd, 258709.400, 215
Trd, 258709.900, 216
Trd, 258710.233, 215
Trd, 258710.650, 212
Trd, 258711.067, 216
Trd, 258711.333, 217
Trd, 258711.467, 218
Trd, 258711.683, 221
Trd, 258712.417, 202
Trd, 258712.600, 225
Trd, 258713.150, 207
Trd, 258713.317, 225
Trd, 258713.900, 219
Trd, 258714.000, 219
Trd, 258714.800, 220
Trd, 258715.067, 218
Trd, 258715.133, 221
Trd, 258715.350, 235
Trd, 258715.417, 222
Trd, 258716.033, 213
Trd, 258716.800, 211
Trd, 258717.550, 215
Trd, 258717.783, 203
Trd, 258718.083, 215
Trd, 258719.400, 213
Trd, 258719.517, 213
Trd, 258719.783, 214
Trd, 258720.883, 206
Trd, 258721.100, 208
Trd, 258721.767, 209
Trd, 258721.883, 212
Trd, 258722.533, 213
Trd, 258722.700, 211
Trd, 258722.817, 205
Trd, 258723.733, 209
Trd, 258723.850, 202
Trd, 258723.967, 197
Trd, 258723.983, 204
Trd, 258724.250, 205
Trd, 258724.433, 218
Trd, 258724.833, 222
Trd, 258726.600, 220
Trd, 258726.967, 222
Trd, 258727.583, 218
Trd, 258727.900, 218
Trd, 258728.000, 218
Trd, 258728.217, 219
Trd, 258729.200, 217
Trd, 258729.233, 220
Trd, 258729.533, 219
Trd, 258729.883, 207
Trd, 258730.017, 222
Trd, 258730.200, 203
Trd, 258730.300, 218
Trd, 258732.133, 217
Trd, 258732.450, 213
Trd, 258732.983, 221
Trd, 258733.083, 220
Trd, 258733.150, 221
Trd, 258733.917, 223
Trd, 258733.950, 224
Trd, 258734.117, 224
Trd, 258734.233, 225
Trd, 258734.667, 223
Trd, 258735.567, 229
Trd, 258736.100, 213
Trd, 258736.183, 213
Trd, 258736.833, 223
Trd, 258737.300, 220
Trd, 258737.550, 219
Trd, 258737.817, 220
Trd, 258739.133, 207
Trd, 258739.217, 215
Trd, 258739.383, 218
Trd, 258739.583, 220
Trd, 258739.667, 221
Trd, 258741.417, 220
Trd, 258741.817, 208
Trd, 258741.983, 219
Trd, 258742.167, 222
Trd, 258742.483, 209
Trd, 258742.967, 208
Trd, 258743.133, 209
Trd, 258743.350, 218
Trd, 258743.417, 214
Trd, 258744.133, 220
Trd, 258744.683, 224
Trd, 258744.917, 235
Trd, 258745.500, 229
Trd, 258746.267, 201
Trd, 258746.333, 202
Trd, 258746.767, 203
Trd, 258747.017, 227
Trd, 258747.033, 228
Trd, 258747.767, 229
Trd, 258749.100, 226
Trd, 258749.683, 222
Trd, 258750.533, 216
Trd, 258750.700, 203
Trd, 258751.233, 215
Trd, 258751.600, 215
Trd, 258751.750, 215
Trd, 258752.133, 217
Trd, 258752.950, 207
Trd, 258753.133, 218
Trd, 258753.533, 212
Trd, 258753.917, 205
Trd, 258754.583, 204
Trd, 258754.717, 217
Trd, 258755.183, 218
Trd, 258755.450, 216
Trd, 258755.717, 219
Trd, 258756.183, 225
Trd, 258756.533, 224
Trd, 258757.250, 223
Trd, 258757.350, 204
Trd, 258757.500, 224
Trd, 258758.283, 216
Trd, 258758.717, 216
Trd, 258758.800, 199
Trd, 258759.350, 222
Trd, 258759.700, 223
Trd, 258761.150, 221
Trd, 258761.533, 213
Trd, 258761.733, 212
Trd, 258761.833, 221
Trd, 258761.900, 222
Trd, 258762.217, 223
Trd, 258763.883, 220
Trd, 258763.917, 222
Trd, 258763.933, 223
Trd, 258764.150, 224
Trd, 258764.450, 223
Trd, 258764.533, 218
Trd, 258764.550, 198
Trd, 258765.217, 226
Trd, 258765.450, 188
Trd, 258767.333, 218
Trd, 258768.250, 221
Trd, 258768.683, 222
Trd, 258768.883, 205
Trd, 258769.817, 224
Trd, 258770.050, 226
Trd, 258770.733, 228
Trd, 258770.800, 224
Trd, 258771.533, 206
Trd, 258772.033, 204
Trd, 258772.067, 205
Trd, 258773.117, 205
Trd, 258773.367, 205
Trd, 258773.383, 200
Trd, 258773.667, 210
Trd, 258773.683, 199
Trd, 258773.767, 211
Trd, 258773.883, 193
Trd, 258775.533, 206
Trd, 258776.067, 219
Trd, 258776.217, 220
Trd, 258776.233, 216
Trd, 258776.667, 220
Trd, 258777.500, 203
Trd, 258777.633, 204
Trd, 258777.900, 207
Trd, 258778.450, 208
Trd, 258779.150, 218
Trd, 258780.483, 221
Trd, 258780.583, 222
Trd, 258780.917, 220
Trd, 258781.050, 222
Trd, 258781.650, 213
Trd, 258781.783, 224
Trd, 258782.633, 215
Trd, 258782.783, 218
Trd, 258782.917, 219
Trd, 258783.467, 222
Trd, 258783.567, 215
Trd, 258783.700, 223
Trd, 258784.417, 223
Trd, 258784.900, 228
Trd, 258785.767, 230
Trd, 258786.050, 229
Trd, 258787.333, 223
Trd, 258787.450, 221
Trd, 258787.583, 224
Trd, 258787.900, 226
Trd, 258788.000, 217
Trd, 258788.383, 201
Trd, 258788.933, 225
Trd, 258788.950, 226
Trd, 258789.150, 212
Trd, 258789.267, 221
Trd, 258789.550, 223
Trd, 258790.733, 224
Trd, 258791.700, 232
Trd, 258792.150, 233
Trd, 258792.950, 233
Trd, 258793.367, 228
Trd, 258793.650, 227
Trd, 258794.700, 232
Trd, 258794.933, 230
Trd, 258795.983, 223
Trd, 258796.133, 224
Trd, 258796.183, 223
Trd, 258796.367, 216
Trd, 258796.400, 225
Trd, 258796.467, 216
Trd, 258798.433, 220
Trd, 258798.550, 221
Trd, 258798.933, 215
Trd, 258799.183, 219
Trd, 258799.283, 222
Trd, 258799.400, 223
Trd, 258799.883, 216
Trd, 258801.333, 218
Trd, 258801.600, 216
Trd, 258802.150, 222
Trd, 258802.367, 222
Trd, 258802.600, 223
Trd, 258802.883, 221
Trd, 258804.867, 226
Trd, 258805.283, 224
Trd, 258806.083, 224
Trd, 258806.200, 223
Trd, 258806.250, 222
Trd, 258806.317, 215
Trd, 258806.783, 222
Trd, 258807.017, 248
Trd, 258807.717, 247
Trd, 258808.267, 243
Trd, 258808.283, 235
Trd, 258808.300, 232
Trd, 258808.367, 246
Trd, 258809.217, 229
Trd, 258809.233, 225
Trd, 258809.767, 231
Trd, 258810.583, 231
Trd, 258811.133, 233
Trd, 258811.217, 234
Trd, 258811.517, 232
Trd, 258812.167, 228
Trd, 258813.083, 219
Trd, 258813.200, 226
Trd, 258813.283, 218
Trd, 258814.433, 215
Trd, 258814.483, 201
Trd, 258814.850, 223
Trd, 258816.100, 221
Trd, 258816.467, 220
Trd, 258816.583, 219
Trd, 258816.783, 221
Trd, 258816.933, 216
Trd, 258817.417, 222
Trd, 258817.950, 223
Trd, 258817.983, 215
Trd, 258818.217, 206
Trd, 258819.017, 224
Trd, 258819.950, 221
Trd, 258820.000, 225
Trd, 258820.500, 227
Trd, 258821.067, 221
Trd, 258821.833, 220
Trd, 258823.117, 216
Trd, 258823.317, 214
Trd, 258824.117, 209
Trd, 258824.217, 216
Trd, 258824.300, 217
Trd, 258824.433, 206
Trd, 258824.517, 197
Trd, 258825.533, 214
Trd, 258826.050, 208
Trd, 258826.067, 218
Trd, 258826.733, 218
Trd, 258827.067, 206
Trd, 258828.550, 220
Trd, 258829.250, 220
Trd, 258829.450, 222
Trd, 258829.700, 220
Trd, 258830.433, 225
Trd, 258830.533, 225
Trd, 258830.800, 219
Trd, 258831.267, 223
Trd, 258831.450, 224
Trd, 258831.517, 217
Trd, 258831.667, 224
Trd, 258831.733, 224
Trd, 258832.133, 219
Trd, 258832.650, 222
Trd, 258833.133, 221
Trd, 258833.367, 223
Trd, 258833.817, 206
Trd, 258834.567, 223
Trd, 258834.817, 204
Trd, 258836.083, 202
Trd, 258836.983, 206
Trd, 258837.250, 208
Trd, 258837.517, 213
Trd, 258838.083, 206
Trd, 258838.117, 202
Trd, 258838.533, 218
Trd, 258838.817, 219
Trd, 258839.283, 221
Trd, 258839.350, 221
Trd, 258839.833, 221
Trd, 258840.050, 222
Trd, 258840.650, 225
Trd, 258841.967, 217
Trd, 258842.717, 225
Trd, 258842.883, 226
Trd, 258843.150, 221
Trd, 258843.167, 229
Trd, 258843.217, 220
Trd, 258844.017, 215
Trd, 258844.800, 226
Trd, 258844.933, 226
Trd, 258845.250, 226
Trd, 258845.767, 228
Trd, 258845.950, 216
Trd, 258846.317, 219
Trd, 258846.383, 212
Trd, 258846.867, 206
Trd, 258847.050, 225
Trd, 258847.650, 226
Trd, 258848.433, 211
Trd, 258849.050, 224
Trd, 258849.683, 223
Trd, 258849.950, 211
Trd, 258850.633, 221
Trd, 258851.433, 223
Trd, 258851.933, 222
Trd, 258852.000, 220
Trd, 258853.317, 222
Trd, 258853.783, 223
Trd, 258853.950, 223
Trd, 258854.250, 220
Trd, 258854.733, 219
Trd, 258854.850, 217
Trd, 258855.000, 225
Trd, 258855.317, 212
Trd, 258855.917, 210
Trd, 258856.417, 207
Trd, 258856.600, 215
Trd, 258857.133, 201
Trd, 258857.483, 220
Trd, 258858.000, 219
Trd, 258858.117, 217
Trd, 258858.300, 219
Trd, 258858.317, 203
Trd, 258858.700, 218
Trd, 258858.883, 220
Trd, 258860.767, 221
Trd, 258860.917, 222
Trd, 258861.000, 223
Trd, 258861.550, 201
Trd, 258861.983, 212
Trd, 258862.733, 218
Trd, 258863.450, 214
Trd, 258863.600, 218
Trd, 258864.000, 213
Trd, 258864.033, 219
Trd, 258864.300, 219
Trd, 258864.383, 212
Trd, 258864.950, 224
Trd, 258865.217, 226
Trd, 258865.433, 224
Trd, 258865.967, 218
Trd, 258865.983, 223
Trd, 258866.450, 227
Trd, 258866.617, 228
Trd, 258868.267, 222
Trd, 258868.550, 221
Trd, 258869.467, 218
Trd, 258869.800, 200
Trd, 258870.167, 216
Trd, 258870.217, 217
Trd, 258870.550, 193
Trd, 258870.633, 218
Trd, 258871.283, 218
Trd, 258871.900, 222
Trd, 258872.667, 217
Trd, 258873.250, 221
Trd, 258873.350, 218
Trd, 258874.333, 205
Trd, 258874.467, 207
Trd, 258875.000, 208
Trd, 258875.467, 203
Trd, 258876.267, 204
Trd, 258876.350, 207
Trd, 258877.300, 206
Trd, 258877.717, 206
Trd, 258877.733, 207
Trd, 258878.133, 210
Trd, 258879.183, 215
Trd, 258879.400, 216
Trd, 258879.450, 217
Trd, 258879.883, 218
Trd, 258880.150, 226
Trd, 258880.400, 222
Trd, 258881.183, 206
Trd, 258881.433, 205
Trd, 258881.883, 209
Trd, 258882.150, 209
Trd, 258883.817, 220
Trd, 258883.933, 220
Trd, 258884.083, 221
Trd, 258884.117, 215
Trd, 258886.367, 204
Trd, 258887.617, 217
Trd, 258888.067, 218
Trd, 258889.000, 215
Trd, 258889.150, 217
Trd, 258889.400, 203
Trd, 258889.550, 217
Trd, 258889.950, 219
Trd, 258890.500, 213
Trd, 258890.883, 214
Trd, 258891.750, 219
Trd, 258892.067, 220
Trd, 258892.083, 218
Trd, 258892.233, 221
Trd, 258892.500, 218
Trd, 258893.283, 223
Trd, 258894.383, 222
Trd, 258894.617, 217
Trd, 258894.950, 206
Trd, 258895.133, 218
Trd, 258895.433, 218
Trd, 258895.583, 213
Trd, 258895.767, 204
Trd, 258896.217, 218
Trd, 258896.483, 219
Trd, 258896.517, 209
Trd, 258898.250, 221
Trd, 258898.317, 222
Trd, 258898.467, 222
Trd, 258898.967, 206
Trd, 258899.517, 207
Trd, 258899.800, 214
Trd, 258899.817, 224
Trd, 258900.100, 195
Trd, 258900.133, 202
Trd, 258900.733, 224
Trd, 258901.000, 224
Trd, 258901.467, 201
Trd, 258901.633, 195
Trd, 258902.450, 217
Trd, 258902.800, 224
Trd, 258902.883, 226
Trd, 258903.100, 219
Trd, 258904.317, 226
Trd, 258904.483, 227
Trd, 258904.783, 228
Trd, 258905.033, 228
Trd, 258906.100, 227
Trd, 258906.300, 228
Trd, 258906.417, 226
Trd, 258906.683, 223
Trd, 258907.000, 222
Trd, 258907.200, 230
Trd, 258907.817, 224
Trd, 258907.933, 242
Trd, 258909.233, 217
Trd, 258910.483, 215
Trd, 258910.733, 200
Trd, 258910.800, 213
Trd, 258910.883, 216
Trd, 258911.417, 215
Trd, 258911.783, 204
Trd, 258912.450, 203
Trd, 258913.250, 211
Trd, 258913.667, 212
Trd, 258913.933, 213
Trd, 258914.483, 218
Trd, 258914.650, 204
Trd, 258915.383, 217
Trd, 258915.767, 218
Trd, 258915.833, 218
Trd, 258916.200, 223
Trd, 258916.550, 214
Trd, 258916.883, 222
Trd, 258917.783, 207
Trd, 258917.800, 214
Trd, 258918.017, 225
Trd, 258918.550, 204
Trd, 258918.583, 224
Trd, 258918.883, 223
Trd, 258919.383, 224
Trd, 258920.400, 218
Trd, 258921.100, 204
Trd, 258921.800, 225
Trd, 258921.917, 206
Trd, 258922.067, 226
Trd, 258922.700, 204
Trd, 258923.483, 209
Trd, 258923.500, 210
Trd, 258923.733, 211
Trd, 258923.817, 214
Trd, 258924.000, 226
Trd, 258924.467, 218
Trd, 258924.617, 220
Trd, 258924.817, 225
Trd, 258924.850, 203
Trd, 258925.833, 217
Trd, 258926.200, 233
Trd, 258927.250, 226
Trd, 258927.417, 218
Trd, 258927.450, 233
Trd, 258927.483, 215
Trd, 258928.400, 217
Trd, 258928.683, 217
Trd, 258928.900, 218
Trd, 258928.917, 202
Trd, 258930.117, 211
Trd, 258930.183, 205
Trd, 258931.667, 203
Trd, 258931.883, 206
Trd, 258932.183, 212
Trd, 258932.600, 213
Trd, 258932.867, 214
Trd, 258932.900, 215
Trd, 258934.000, 214
Trd, 258934.033, 212
Trd, 258934.067, 211
Trd, 258934.633, 217
Trd, 258934.683, 218
Trd, 258934.883, 218
Trd, 258935.200, 221
Trd, 258936.850, 202
Trd, 258937.100, 221
Trd, 258937.783, 212
Trd, 258938.233, 215
Trd, 258938.383, 216
Trd, 258938.583, 216
Trd, 258938.817, 217
Trd, 258939.083, 218
Trd, 258939.167, 226
Trd, 258939.633, 222
Trd, 258941.000, 220
Trd, 258941.600, 220
Trd, 258941.783, 221
Trd, 258942.367, 222
Trd, 258942.617, 219
Trd, 258942.950, 221
Trd, 258943.300, 220
Trd, 258943.400, 216
Trd, 258944.417, 220
Trd, 258944.900, 218
Trd, 258945.750, 219
Trd, 258946.000, 216
Trd, 258946.067, 219
Trd, 258946.117, 220
Trd, 258946.850, 213
Trd, 258947.167, 212
Trd, 258947.333, 206
Trd, 258947.583, 218
Trd, 258947.883, 219
Trd, 258948.017, 202
Trd, 258948.783, 207
Trd, 258949.083, 220
Trd, 258949.350, 216
Trd, 258949.733, 201
Trd, 258949.917, 200
Trd, 258951.050, 222
Trd, 258951.967, 218
Trd, 258952.133, 220
Trd, 258952.583, 219
Trd, 258952.917, 218
Trd, 258953.267, 219
Trd, 258953.383, 220
Trd, 258953.417, 224
Trd, 258953.967, 218
Trd, 258954.317, 218
Trd, 258955.767, 218
Trd, 258955.967, 216
Trd, 258956.417, 216
Trd, 258956.433, 217
Trd, 258956.983, 218
Trd, 258957.100, 218
Trd, 258957.233, 217
Trd, 258957.600, 219
Trd, 258957.817, 216
Trd, 258958.900, 217
Trd, 258959.383, 221
Trd, 258959.467, 214
Trd, 258959.833, 220
Trd, 258959.967, 221
Trd, 258961.017, 223
Trd, 258961.483, 223
Trd, 258961.900, 222
Trd, 258961.933, 221
Trd, 258962.183, 225
Trd, 258962.400, 218
Trd, 258962.467, 226
Trd, 258962.483, 206
Trd, 258963.300, 226
Trd, 258964.933, 218
Trd, 258965.433, 214
Trd, 258966.267, 220
Trd, 258966.617, 221
Trd, 258967.133, 218
Trd, 258967.867, 216
Trd, 258967.883, 217
Trd, 258967.933, 219
Trd, 258968.283, 226
Trd, 258968.450, 219
Trd, 258968.833, 219
Trd, 258969.467, 226
Trd, 258970.033, 201
Trd, 258970.300, 204
Trd, 258970.833, 212
Trd, 258971.017, 218
Trd, 258971.867, 226
Trd, 258972.817, 217
Trd, 258973.467, 218
Trd, 258973.667, 218
Trd, 258973.850, 218
Trd, 258975.317, 214
Trd, 258975.667, 215
Trd, 258976.250, 215
Trd, 258976.500, 217
Trd, 258976.833, 217
Trd, 258977.517, 219
Trd, 258977.650, 221
Trd, 258978.033, 220
Trd, 258978.617, 224
Trd, 258978.833, 226
Trd, 258979.083, 222
Trd, 258979.167, 224
Trd, 258979.283, 220
Trd, 258979.350, 220
Trd, 258979.517, 217
Trd, 258980.000, 213
Trd, 258980.167, 226
Trd, 258980.783, 201
Trd, 258981.033, 227
Trd, 258981.567, 226
Trd, 258981.833, 227
Trd, 258982.533, 223
Trd, 258983.767, 225
Trd, 258984.017, 218
Trd, 258984.117, 210
Trd, 258984.200, 224
Trd, 258984.367, 209
Trd, 258984.383, 228
Trd, 258984.933, 224
Trd, 258985.250, 209
Trd, 258985.417, 216
Trd, 258985.500, 208
Trd, 258986.083, 213
Trd, 258986.817, 218
Trd, 258986.917, 219
Trd, 258987.350, 218
Trd, 258987.467, 223
Trd, 258987.900, 226
Trd, 258989.467, 221
Trd, 258989.483, 222
Trd, 258989.800, 222
Trd, 258989.850, 219
Trd, 258990.300, 217
Trd, 258990.600, 220
Trd, 258991.183, 216
Trd, 258991.750, 215
Trd, 258992.367, 207
Trd, 258992.600, 219
Trd, 258993.450, 207
Trd, 258993.750, 208
Trd, 258994.667, 204
Trd, 258994.683, 205
Trd, 258994.867, 208
Trd, 258995.067, 210
Trd, 258995.417, 212
Trd, 258996.200, 210
Trd, 258996.600, 211
Trd, 258996.700, 217
Trd, 258997.383, 203
Trd, 258997.400, 219
Trd, 258997.783, 218
Trd, 258997.833, 223
Trd, 258998.567, 200
Trd, 258998.750, 212
Trd, 258999.033, 216
Trd, 258999.850, 218
Trd, 258999.933, 226
Trd, 259000.367, 225
Trd, 259000.417, 226
Trd, 259001.367, 219
Trd, 259001.583, 221
Trd, 259001.783, 219
Trd, 259001.933, 216
Trd, 259002.517, 223
Trd, 259002.533, 224
Trd, 259002.950, 221
Trd, 259003.300, 232
Trd, 259003.883, 208
Trd, 259004.750, 217
Trd, 259005.067, 229
Trd, 259005.333, 204
Trd, 259005.883, 218
Trd, 259006.033, 207
Trd, 259006.500, 209
Trd, 259007.183, 208
Trd, 259008.983, 208
Trd, 259009.017, 209
Trd, 259009.967, 211
Trd, 259010.217, 210
Trd, 259010.483, 216
Trd, 259010.600, 218
Trd, 259010.817, 225
Trd, 259011.267, 227
Trd, 259011.900, 221
Trd, 259012.083, 235
Trd, 259012.133, 220
Trd, 259012.533, 205
Trd, 259012.833, 212
Trd, 259013.000, 213
Trd, 259014.083, 225
Trd, 259015.017, 218
Trd, 259015.333, 225
Trd, 259015.350, 210
Trd, 259015.417, 207
Trd, 259015.550, 202
Trd, 259015.833, 224
Trd, 259016.750, 219
Trd, 259017.000, 206
Trd, 259017.067, 219
Trd, 259018.367, 217
Trd, 259018.600, 218
Trd, 259018.667, 215
Trd, 259019.333, 218
Trd, 259020.167, 216
Trd, 259020.283, 218
Trd, 259022.083, 216
Trd, 259022.300, 215
Trd, 259022.350, 218
Trd, 259022.733, 196
Trd, 259023.367, 201
Trd, 259023.533, 204
Trd, 259024.033, 205
Trd, 259024.150, 220
Trd, 259024.350, 224
Trd, 259024.600, 228
Trd, 259026.317, 221
Trd, 259027.050, 218
Trd, 259027.133, 219
Trd, 259027.333, 216
Trd, 259028.217, 215
Trd, 259028.350, 216
Trd, 259029.017, 218
Trd, 259029.083, 219
Trd, 259029.350, 222
Trd, 259029.717, 223
Trd, 259029.850, 212
Trd, 259030.167, 227
Trd, 259030.817, 221
Trd, 259031.033, 213
Trd, 259031.233, 222
Trd, 259031.683, 228
Trd, 259032.067, 233
Trd, 259032.283, 217
Trd, 259032.483, 234
Trd, 259033.117, 242
Trd, 259033.250, 240
Trd, 259033.300, 231
Trd, 259033.767, 224
Trd, 259034.883, 214
Trd, 259036.367, 218
Trd, 259036.867, 217
Trd, 259037.067, 218
Trd, 259037.233, 205
Trd, 259038.533, 204
Trd, 259038.667, 205
Trd, 259038.817, 205
Trd, 259038.917, 209
Trd, 259039.483, 216
Trd, 259040.217, 198
Trd, 259040.267, 214
Trd, 259040.917, 202
Trd, 259041.550, 204
Trd, 259041.583, 214
Trd, 259041.933, 207
Trd, 259042.017, 217
Trd, 259042.783, 218
Trd, 259043.000, 218
Trd, 259043.667, 215
Trd, 259043.950, 219
Trd, 259044.133, 214
Trd, 259044.417, 220
Trd, 259044.533, 223
Trd, 259044.783, 224
Trd, 259045.717, 203
Trd, 259046.000, 218
Trd, 259046.517, 223
Trd, 259047.300, 208
Trd, 259047.467, 228
Trd, 259047.717, 237
Trd, 259048.583, 242
Trd, 259048.717, 239
Trd, 259048.850, 207
Trd, 259050.300, 222
Trd, 259050.383, 223
Trd, 259050.700, 221
Trd, 259051.300, 222
Trd, 259051.350, 222
Trd, 259052.617, 206
Trd, 259052.817, 218
Trd, 259053.117, 202
Trd, 259053.350, 194
Trd, 259053.500, 193
Trd, 259053.950, 201
Trd, 259054.450, 217
Trd, 259054.767, 219
Trd, 259054.967, 221
Trd, 259055.517, 202
Trd, 259055.900, 216
Trd, 259056.217, 217
Trd, 259057.217, 223
Trd, 259057.900, 223
Trd, 259058.017, 224
Trd, 259058.100, 224
Trd, 259058.150, 221
Trd, 259058.533, 213
Trd, 259059.400, 208
Trd, 259059.700, 211
Trd, 259059.767, 226
Trd, 259060.633, 204
Trd, 259061.300, 208
Trd, 259062.283, 208
Trd, 259062.333, 222
Trd, 259062.350, 223
Trd, 259062.967, 226
Trd, 259063.050, 216
Trd, 259063.550, 215
Trd, 259063.967, 227
Trd, 259065.050, 222
Trd, 259065.350, 214
Trd, 259065.683, 217
Trd, 259065.700, 221
Trd, 259065.817, 221
Trd, 259066.217, 221
Trd, 259066.517, 217
Trd, 259066.667, 216
Trd, 259066.967, 226
Trd, 259067.850, 209
Trd, 259068.133, 201
Trd, 259068.267, 218
Trd, 259069.817, 220
Trd, 259070.467, 218
Trd, 259070.917, 218
Trd, 259071.300, 218
Trd, 259071.433, 222
Trd, 259071.967, 221
Trd, 259073.167, 209
Trd, 259073.767, 218
Trd, 259073.867, 219
Trd, 259074.067, 220
Trd, 259074.083, 222
Trd, 259074.200, 203
Trd, 259074.467, 202
Trd, 259075.067, 213
Trd, 259075.183, 202
Trd, 259075.250, 219
Trd, 259075.733, 193
Trd, 259076.400, 199
Trd, 259077.433, 200
Trd, 259077.950, 208
Trd, 259078.733, 206
Trd, 259079.083, 208
Trd, 259080.117, 209
Trd, 259080.200, 210
Trd, 259080.217, 214
Trd, 259080.550, 218
Trd, 259080.883, 224
Trd, 259081.433, 206
Trd, 259081.567, 213
Trd, 259083.117, 217
Trd, 259083.350, 218
Trd, 259084.433, 203
Trd, 259084.850, 205
Trd, 259084.917, 203
Trd, 259084.983, 202
Trd, 259085.633, 204
Trd, 259085.733, 205
Trd, 259085.850, 206
Trd, 259086.417, 210
Trd, 259086.517, 213
Trd, 259087.067, 213
Trd, 259087.383, 214
Trd, 259087.583, 205
Trd, 259088.433, 220
Trd, 259088.800, 221
Trd, 259089.417, 223
Trd, 259089.433, 224
Trd, 259089.717, 209
Trd, 259089.900, 204
Trd, 259090.033, 225
Trd, 259090.550, 216
Trd, 259091.833, 218
Trd, 259092.133, 221
Trd, 259093.450, 219
Trd, 259093.733, 211
Trd, 259094.300, 202
Trd, 259094.367, 203
Trd, 259094.533, 209
Trd, 259094.800, 221
Trd, 259096.050, 218
Trd, 259096.250, 210
Trd, 259096.950, 221
Trd, 259097.017, 209
Trd, 259098.250, 214
Trd, 259098.417, 214
Trd, 259098.617, 218
Trd, 259098.833, 219
Trd, 259099.150, 205
Trd, 259099.583, 220
Trd, 259099.917, 220
Trd, 259100.083, 221
Trd, 259100.133, 221
Trd, 259100.300, 205
Trd, 259100.633, 202
Trd, 259100.900, 202
Trd, 259101.200, 221
Trd, 259101.267, 225
Trd, 259102.517, 227
Trd, 259104.167, 207
Trd, 259104.267, 220
Trd, 259104.300, 223
Trd, 259104.683, 228
Trd, 259104.700, 231
Trd, 259105.533, 216
Trd, 259105.800, 222
Trd, 259106.400, 220
Trd, 259106.633, 219
Trd, 259107.233, 220
Trd, 259107.833, 218
Trd, 259107.967, 221
Trd, 259107.983, 221
Trd, 259108.617, 213
Trd, 259108.750, 211
Trd, 259108.917, 214
Trd, 259108.950, 202
Trd, 259109.150, 225
Trd, 259109.950, 225
Trd, 259110.167, 222
Trd, 259110.583, 222
Trd, 259110.767, 218
Trd, 259111.017, 225
Trd, 259111.650, 225
Trd, 259112.233, 226
Trd, 259112.483, 228
Trd, 259112.567, 226
Trd, 259112.717, 225
Trd, 259113.717, 206
Trd, 259114.217, 209
Trd, 259114.950, 209
Trd, 259115.067, 210
Trd, 259115.467, 210
Trd, 259116.367, 208
Trd, 259116.700, 215
Trd, 259117.667, 213
Trd, 259118.100, 214
Trd, 259118.700, 217
Trd, 259118.733, 218
Trd, 259118.800, 221
Trd, 259118.817, 198
Trd, 259118.850, 226
Trd, 259119.200, 200
Trd, 259119.767, 202
Trd, 259120.183, 204
Trd, 259120.850, 202
Trd, 259121.117, 208
Trd, 259121.917, 216
Trd, 259122.017, 196
Trd, 259123.050, 210
Trd, 259123.817, 211
Trd, 259123.967, 212
Trd, 259124.050, 215
Trd, 259124.133, 217
Trd, 259124.233, 218
Trd, 259125.150, 213
Trd, 259125.400, 226
Trd, 259125.450, 215
Trd, 259126.817, 224
Trd, 259127.583, 223
Trd, 259127.617, 217
Trd, 259127.650, 224
Trd, 259127.700, 226
Trd, 259127.717, 227
Trd, 259127.883, 216
Trd, 259128.117, 193
Trd, 259128.717, 204
Trd, 259129.183, 208
Trd, 259130.717, 216
Trd, 259131.267, 203
Trd, 259131.400, 217
Trd, 259131.433, 200
Trd, 259131.717, 218
Trd, 259131.733, 219
Trd, 259132.617, 223
Trd, 259134.400, 215
Trd, 259134.717, 221
Trd, 259134.817, 215
Trd, 259135.067, 222
Trd, 259135.200, 217
Trd, 259135.683, 222
Trd, 259135.933, 221
Trd, 259135.950, 215
Trd, 259136.683, 220
Trd, 259136.700, 221
Trd, 259136.783, 203
Trd, 259137.300, 201
Trd, 259138.833, 220
Trd, 259139.033, 217
Trd, 259139.683, 220
Trd, 259139.783, 220
Trd, 259140.083, 221
Trd, 259140.700, 224
Trd, 259140.983, 211
Trd, 259141.400, 222
Trd, 259141.717, 221
Trd, 259142.300, 209
Trd, 259142.550, 209
Trd, 259142.733, 211
Trd, 259143.717, 208
Trd, 259143.983, 215
Trd, 259144.583, 217
Trd, 259144.700, 208
Trd, 259145.133, 217
Trd, 259145.517, 219
Trd, 259146.167, 223
Trd, 259146.267, 225
Trd, 259146.400, 204
Trd, 259146.833, 222
Trd, 259147.017, 226
Trd, 259147.550, 229
Trd, 259148.200, 219
Trd, 259148.667, 224
Trd, 259149.250, 219
Trd, 259149.900, 193
Trd, 259150.517, 221
Trd, 259151.150, 222
Trd, 259151.783, 217
Trd, 259152.483, 208
Trd, 259152.583, 206
Trd, 259152.633, 217
Trd, 259153.133, 217
Trd, 259153.433, 213
Trd, 259154.233, 217
Trd, 259154.417, 218
Trd, 259155.300, 208
Trd, 259155.383, 215
Trd, 259155.783, 215
Trd, 259155.967, 208
Trd, 259156.183, 217
Trd, 259156.483, 217
Trd, 259157.233, 218
Trd, 259158.483, 209
Trd, 259158.600, 199
Trd, 259159.367, 208
Trd, 259159.467, 209
Trd, 259159.783, 210
Trd, 259160.283, 224
Trd, 259160.383, 225
Trd, 259161.817, 220
Trd, 259162.167, 221
Trd, 259162.400, 222
Trd, 259162.533, 220
Trd, 259162.550, 197
Trd, 259162.767, 224
Trd, 259163.317, 226
Trd, 259163.433, 227
Trd, 259163.533, 228
Trd, 259164.167, 205
Trd, 259166.050, 218
Trd, 259166.133, 221
Trd, 259166.583, 224
Trd, 259166.650, 219
Trd, 259167.117, 217
Trd, 259167.600, 222
Trd, 259167.700, 224
Trd, 259168.267, 220
Trd, 259168.517, 198
Trd, 259168.633, 207
Trd, 259169.050, 219
Trd, 259169.167, 220
Trd, 259170.600, 218
Trd, 259170.717, 220
Trd, 259171.450, 217
Trd, 259172.417, 219
Trd, 259173.417, 217
Trd, 259173.483, 214
Trd, 259173.683, 205
Trd, 259173.867, 222
Trd, 259174.650, 212
Trd, 259174.817, 213
Trd, 259174.883, 197
Trd, 259175.233, 227
Trd, 259175.433, 224
Trd, 259175.467, 225
Trd, 259175.917, 199
Trd, 259176.683, 201
Trd, 259177.550, 225
Trd, 259178.467, 224
Trd, 259178.583, 214
Trd, 259178.800, 225
Trd, 259179.267, 202
Trd, 259180.200, 214
Trd, 259180.400, 214
Trd, 259180.483, 217
Trd, 259180.583, 219
Trd, 259180.650, 225
Trd, 259181.183, 209
Trd, 259181.750, 206
Trd, 259182.017, 206
Trd, 259183.067, 208
Trd, 259183.683, 216
Trd, 259183.750, 217
Trd, 259183.950, 210
Trd, 259184.133, 217
Trd, 259184.317, 219
Trd, 259184.850, 212
Trd, 259184.967, 222
Trd, 259185.417, 213
Trd, 259185.550, 217
Trd, 259186.083, 225
Trd, 259186.800, 219
Trd, 259186.867, 226
Trd, 259187.183, 235
Trd, 259187.500, 234
Trd, 259187.833, 224
Trd, 259188.450, 250
Trd, 259189.883, 245
Trd, 259189.933, 243
Trd, 259190.700, 218
Trd, 259191.967, 218
Trd, 259192.750, 206
Trd, 259192.783, 214
Trd, 259193.267, 205
Trd, 259193.683, 209
Trd, 259193.867, 211
Trd, 259195.100, 206
Trd, 259195.133, 211
Trd, 259195.150, 202
Trd, 259196.000, 214
Trd, 259196.933, 218
Trd, 259197.150, 212
Trd, 259197.500, 207
Trd, 259197.617, 199
Trd, 259198.400, 210
Trd, 259198.933, 211
Trd, 259199.150, 204
Trd, 259199.483, 213
Trd, 259199.783, 216
Trd, 259199.833, 217
Trd, 259200.000, 214
