Trd, 258496.950, 227
Trd, 258497.217, 215
Trd, 258497.533, 227
Trd, 258498.633, 214
Trd, 258498.900, 213
Trd, 258500.083, 211
Trd, 258500.433, 224
Trd, 258500.650, 229
Trd, 258500.683, 212
Trd, 258501.183, 240
Trd, 258501.483, 217
Trd, 258501.550, 230
Trd, 258502.467, 219
Trd, 258502.617, 219
Trd, 258502.700, 218
Trd, 258502.717, 219
Trd, 258504.233, 214
Trd, 258504.883, 218
Trd, 258505.050, 221
Trd, 258505.300, 219
Trd, 258506.367, 221
Trd, 258506.467, 220
Trd, 258507.150, 221
Trd, 258507.567, 215
Trd, 258507.600, 212
Trd, 258507.683, 204
Trd, 258508.150, 226
Trd, 258508.217, 217
Trd, 258508.917, 217
Trd, 258509.133, 217
Trd, 258509.283, 227
Trd, 258509.800, 214
Trd, 258510.667, 217
Trd, 258511.100, 213
Trd, 258511.417, 213
Trd, 258511.867, 206
Trd, 258512.017, 227
Trd, 258513.017, 210
Trd, 258514.067, 212
Trd, 258514.383, 218
Trd, 258514.417, 213
Trd, 258514.583, 229
Trd, 258515.833, 218
Trd, 258516.100, 215
Trd, 258516.167, 213
Trd, 258516.383, 226
Trd, 258516.517, 212
Trd, 258516.983, 225
Trd, 258517.183, 228
Trd, 258517.933, 215
Trd, 258518.383, 224
Trd, 258518.850, 215
Trd, 258519.133, 231
Trd, 258519.800, 216
Trd, 258520.267, 217
Trd, 258521.167, 228
Trd, 258521.333, 223
Trd, 258521.550, 223
Trd, 258522.633, 221
Trd, 258523.233, 221
Trd, 258524.400, 225
Trd, 258524.733, 226
Trd, 258524.850, 225
Trd, 258525.067, 223
Trd, 258525.083, 215
Trd, 258525.300, 212
Trd, 258525.450, 209
Trd, 258525.783, 204
Trd, 258525.883, 229
Trd, 258526.317, 225
Trd, 258526.700, 226
Trd, 258527.467, 217
Trd, 258527.600, 226
Trd, 258528.400, 221
Trd, 258528.983, 217
Trd, 258529.633, 213
Trd, 258530.133, 212
Trd, 258530.567, 212
Trd, 258530.767, 220
Trd, 258531.167, 220
Trd, 258531.567, 221
Trd, 258531.617, 227
Trd, 258531.967, 209
Trd, 258532.717, 230
Trd, 258533.717, 222
Trd, 258533.917, 212
Trd, 258534.150, 225
Trd, 258535.200, 214
Trd, 258535.267, 212
Trd, 258535.383, 210
Trd, 258535.633, 223
Trd, 258536.350, 223
Trd, 258536.850, 212
Trd, 258538.267, 219
Trd, 258538.600, 213
Trd, 258538.933, 211
Trd, 258539.700, 224
Trd, 258539.867, 226
Trd, 258540.700, 222
Trd, 258540.967, 221
Trd, 258541.000, 220
Trd, 258541.133, 234
Trd, 258541.783, 223
Trd, 258541.817, 212
Trd, 258541.833, 211
Trd, 258541.883, 234
Trd, 258543.267, 205
Trd, 258543.517, 208
Trd, 258544.017, 204
Trd, 258544.733, 211
Trd, 258545.167, 214
Trd, 258545.200, 218
Trd, 258545.383, 226
Trd, 258545.650, 227
Trd, 258546.550, 221
Trd, 258547.500, 220
Trd, 258547.950, 220
Trd, 258548.350, 220
Trd, 258548.517, 221
Trd, 258548.617, 222
Trd, 258548.700, 221
Trd, 258548.933, 225
Trd, 258549.417, 215
Trd, 258549.650, 227
Trd, 258549.967, 230
Trd, 258549.983, 236
Trd, 258550.167, 208
Trd, 258550.850, 211
Trd, 258551.200, 210
Trd, 258552.383, 215
Trd, 258553.117, 213
Trd, 258554.200, 215
Trd, 258554.567, 199
Trd, 258554.867, 207
Trd, 258554.900, 208
Trd, 258555.333, 209
Trd, 258555.517, 217
Trd, 258555.967, 205
Trd, 258556.400, 216
Trd, 258556.650, 202
Trd, 258557.267, 205
Trd, 258557.600, 218
Trd, 258558.367, 227
Trd, 258558.500, 228
Trd, 258558.717, 233
Trd, 258559.233, 228
Trd, 258559.983, 218
Trd, 258560.450, 217
Trd, 258560.683, 216
Trd, 258561.133, 218
Trd, 258561.933, 221
Trd, 258562.483, 218
Trd, 258563.400, 219
Trd, 258563.667, 217
Trd, 258564.717, 220
Trd, 258565.233, 216
Trd, 258565.467, 216
Trd, 258565.517, 215
Trd, 258566.917, 226
Trd, 258567.083, 212
Trd, 258567.700, 232
Trd, 258567.917, 215
Trd, 258568.017, 211
Trd, 258568.250, 212
Trd, 258568.900, 213
Trd, 258569.150, 212
Trd, 258570.050, 221
Trd, 258570.283, 218
Trd, 258571.050, 216
Trd, 258571.750, 215
Trd, 258572.650, 225
Trd, 258572.700, 216
Trd, 258573.450, 215
Trd, 258573.683, 228
Trd, 258573.700, 215
Trd, 258574.067, 211
Trd, 258574.083, 203
Trd, 258574.617, 229
Trd, 258575.067, 212
Trd, 258575.217, 236
Trd, 258575.700, 213
Trd, 258575.983, 221
Trd, 258577.417, 214
Trd, 258577.483, 221
Trd, 258578.217, 218
Trd, 258578.433, 218
Trd, 258578.550, 215
Trd, 258578.867, 215
Trd, 258579.283, 205
Trd, 258579.600, 209
Trd, 258580.900, 219
Trd, 258581.083, 220
Trd, 258581.917, 221
Trd, 258581.967, 229
Trd, 258583.717, 235
Trd, 258583.933, 227
Trd, 258584.067, 224
Trd, 258584.533, 217
Trd, 258585.000, 218
Trd, 258585.950, 218
Trd, 258586.217, 235
Trd, 258586.283, 226
Trd, 258586.683, 210
Trd, 258586.950, 221
Trd, 258587.917, 213
Trd, 258588.133, 229
Trd, 258588.667, 221
Trd, 258589.150, 213
Trd, 258589.283, 222
Trd, 258590.383, 219
Trd, 258590.667, 228
Trd, 258590.850, 217
Trd, 258590.883, 214
Trd, 258591.217, 213
Trd, 258591.517, 214
Trd, 258591.933, 221
Trd, 258592.033, 202
Trd, 258592.617, 225
Trd, 258592.933, 210
Trd, 258592.967, 229
Trd, 258593.517, 212
Trd, 258594.900, 226
Trd, 258595.517, 225
Trd, 258595.833, 231
Trd, 258596.217, 225
Trd, 258596.283, 221
Trd, 258596.900, 226
Trd, 258598.150, 224
Trd, 258598.350, 233
Trd, 258598.483, 223
Trd, 258598.800, 222
Trd, 258598.917, 221
Trd, 258599.217, 235
Trd, 258599.867, 235
Trd, 258600.100, 224
Trd, 258600.417, 216
Trd, 258600.733, 223
Trd, 258600.917, 215
Trd, 258601.833, 229
Trd, 258602.250, 234
Trd, 258602.300, 214
Trd, 258602.817, 225
Trd, 258602.950, 224
Trd, 258603.300, 215
Trd, 258603.350, 225
Trd, 258603.533, 225
Trd, 258604.467, 210
Trd, 258604.683, 209
Trd, 258605.217, 202
Trd, 258605.650, 203
Trd, 258605.667, 213
Trd, 258605.917, 225
Trd, 258606.100, 226
Trd, 258606.133, 230
Trd, 258607.017, 214
Trd, 258607.467, 203
Trd, 258607.683, 202
Trd, 258609.350, 213
Trd, 258609.617, 203
Trd, 258610.133, 215
Trd, 258610.333, 221
Trd, 258611.350, 216
Trd, 258611.667, 220
Trd, 258611.717, 200
Trd, 258612.433, 219
Trd, 258612.717, 210
Trd, 258613.200, 207
Trd, 258613.367, 221
Trd, 258614.667, 213
Trd, 258615.267, 217
Trd, 258615.533, 216
Trd, 258615.800, 215
Trd, 258617.100, 218
Trd, 258617.200, 215
Trd, 258617.267, 219
Trd, 258617.283, 215
Trd, 258617.383, 214
Trd, 258618.067, 221
Trd, 258618.283, 227
Trd, 258618.500, 233
Trd, 258618.533, 234
Trd, 258618.917, 219
Trd, 258618.933, 234
Trd, 258618.983, 218
Trd, 258620.200, 219
Trd, 258620.417, 216
Trd, 258621.550, 223
Trd, 258622.000, 226
Trd, 258622.083, 226
Trd, 258622.167, 226
Trd, 258622.467, 226
Trd, 258622.483, 221
Trd, 258622.617, 218
Trd, 258622.700, 215
Trd, 258624.767, 213
Trd, 258625.183, 221
Trd, 258625.333, 222
Trd, 258625.417, 223
Trd, 258625.967, 226
Trd, 258626.150, 227
Trd, 258626.333, 229
Trd, 258626.733, 226
Trd, 258626.983, 226
Trd, 258627.350, 226
Trd, 258627.517, 226
Trd, 258627.800, 227
Trd, 258627.983, 224
Trd, 258628.367, 216
Trd, 258629.550, 217
Trd, 258630.300, 224
Trd, 258631.050, 217
Trd, 258631.533, 228
Trd, 258632.283, 216
Trd, 258632.633, 216
Trd, 258633.100, 215
Trd, 258633.283, 210
Trd, 258634.483, 218
Trd, 258634.567, 220
Trd, 258634.633, 227
Trd, 258634.917, 218
Trd, 258635.583, 216
Trd, 258635.717, 207
Trd, 258636.450, 214
Trd, 258636.567, 225
Trd, 258636.617, 205
Trd, 258636.883, 226
Trd, 258637.200, 230
Trd, 258637.283, 204
Trd, 258638.767, 234
Trd, 258638.800, 235
Trd, 258639.117, 234
Trd, 258639.150, 247
Trd, 258639.450, 224
Trd, 258639.917, 213
Trd, 258640.750, 213
Trd, 258641.000, 216
Trd, 258641.083, 222
Trd, 258641.417, 218
Trd, 258642.383, 206
Trd, 258642.417, 203
Trd, 258642.533, 202
Trd, 258642.950, 214
Trd, 258643.733, 219
Trd, 258644.967, 221
Trd, 258645.150, 216
Trd, 258645.733, 227
Trd, 258645.883, 229
Trd, 258645.900, 216
Trd, 258646.167, 215
Trd, 258646.250, 227
Trd, 258646.683, 213
Trd, 258647.317, 212
Trd, 258648.650, 228
Trd, 258648.950, 209
Trd, 258649.483, 210
Trd, 258649.650, 209
Trd, 258649.983, 212
Trd, 258650.433, 213
Trd, 258651.350, 214
Trd, 258651.467, 212
Trd, 258651.783, 218
Trd, 258652.833, 221
Trd, 258653.050, 216
Trd, 258654.617, 221
Trd, 258654.967, 222
Trd, 258655.350, 220
Trd, 258655.417, 204
Trd, 258655.817, 203
Trd, 258656.250, 213
Trd, 258657.067, 206
Trd, 258657.250, 207
Trd, 258657.700, 209
Trd, 258658.000, 227
Trd, 258658.583, 212
Trd, 258659.333, 212
Trd, 258659.467, 210
Trd, 258659.650, 206
Trd, 258659.750, 216
Trd, 258660.117, 221
Trd, 258660.517, 229
Trd, 258660.700, 206
Trd, 258661.500, 213
Trd, 258661.850, 211
Trd, 258661.967, 212
Trd, 258662.517, 224
Trd, 258663.483, 230
Trd, 258663.733, 223
Trd, 258664.117, 205
Trd, 258664.467, 212
Trd, 258665.117, 224
Trd, 258665.600, 213
Trd, 258665.717, 225
Trd, 258666.167, 225
Trd, 258666.583, 229
Trd, 258667.600, 215
Trd, 258667.683, 228
Trd, 258668.083, 227
Trd, 258668.383, 219
Trd, 258668.450, 218
Trd, 258668.900, 217
Trd, 258669.683, 218
Trd, 258670.533, 218
Trd, 258670.767, 221
Trd, 258670.850, 224
Trd, 258671.067, 215
Trd, 258671.333, 225
Trd, 258672.017, 220
Trd, 258672.217, 219
Trd, 258672.417, 204
Trd, 258673.150, 206
Trd, 258673.617, 207
Trd, 258674.100, 216
Trd, 258674.417, 223
Trd, 258675.300, 215
Trd, 258675.333, 223
Trd, 258675.500, 216
Trd, 258675.817, 225
Trd, 258676.517, 225
Trd, 258676.800, 224
Trd, 258676.933, 223
Trd, 258677.600, 222
Trd, 258677.833, 220
Trd, 258678.433, 215
Trd, 258678.650, 213
Trd, 258678.867, 210
Trd, 258679.350, 223
Trd, 258679.517, 207
Trd, 258679.667, 206
Trd, 258679.900, 205
Trd, 258680.067, 204
Trd, 258680.867, 208
Trd, 258682.183, 210
Trd, 258682.517, 208
Trd, 258683.167, 214
Trd, 258683.283, 221
Trd, 258683.367, 204
Trd, 258683.383, 204
Trd, 258683.683, 223
Trd, 258683.900, 224
Trd, 258684.950, 225
Trd, 258685.100, 224
Trd, 258685.233, 224
Trd, 258685.717, 226
Trd, 258685.933, 228
Trd, 258687.633, 229
Trd, 258688.650, 218
Trd, 258689.000, 226
Trd, 258689.633, 226
Trd, 258689.750, 228
Trd, 258689.817, 225
Trd, 258689.983, 219
Trd, 258690.683, 226
Trd, 258690.750, 217
Trd, 258690.883, 215
Trd, 258691.133, 214
Trd, 258691.567, 223
Trd, 258691.917, 204
Trd, 258692.583, 225
Trd, 258693.067, 226
Trd, 258693.467, 205
Trd, 258694.433, 229
Trd, 258694.483, 218
Trd, 258694.683, 211
Trd, 258694.717, 231
Trd, 258696.400, 206
Trd, 258696.567, 210
Trd, 258696.583, 204
Trd, 258696.717, 212
Trd, 258697.283, 221
Trd, 258697.500, 229
Trd, 258697.867, 225
Trd, 258698.600, 212
Trd, 258699.467, 222
Trd, 258699.517, 223
Trd, 258700.183, 229
Trd, 258700.533, 222
Trd, 258700.917, 215
Trd, 258701.067, 229
Trd, 258701.167, 211
Trd, 258701.200, 210
Trd, 258701.533, 230
Trd, 258702.533, 210
Trd, 258702.683, 203
Trd, 258702.950, 210
Trd, 258703.133, 221
Trd, 258703.700, 202
Trd, 258704.467, 207
Trd, 258704.717, 204
Trd, 258705.133, 213
Trd, 258705.550, 213
Trd, 258705.650, 225
Trd, 258706.450, 228
Trd, 258707.567, 219
Trd, 258708.717, 221
Trd, 258708.983, 221
Trd, 258709.717, 221
Trd, 258709.967, 215
Trd, 258710.233, 210
Trd, 258710.733, 223
Trd, 258710.817, 229
Trd, 258711.233, 227
Trd, 258711.667, 228
Trd, 258711.917, 228
Trd, 258712.050, 226
Trd, 258712.150, 213
Trd, 258712.167, 238
Trd, 258713.750, 219
Trd, 258714.183, 220
Trd, 258715.133, 220
Trd, 258715.867, 224
Trd, 258715.933, 226
Trd, 258716.400, 223
Trd, 258716.867, 216
Trd, 258717.133, 219
Trd, 258717.833, 225
Trd, 258717.917, 218
Trd, 258718.150, 218
Trd, 258718.417, 216
Trd, 258718.433, 215
Trd, 258719.800, 215
Trd, 258720.767, 218
Trd, 258720.850, 211
Trd, 258720.883, 219
Trd, 258721.600, 214
Trd, 258722.317, 214
Trd, 258722.650, 211
Trd, 258722.783, 215
Trd, 258722.917, 214
Trd, 258723.300, 217
Trd, 258723.483, 210
Trd, 258724.000, 214
Trd, 258725.567, 212
Trd, 258725.883, 210
Trd, 258726.567, 215
Trd, 258727.133, 215
Trd, 258727.150, 221
Trd, 258727.267, 214
Trd, 258727.883, 219
Trd, 258728.200, 213
Trd, 258728.250, 224
Trd, 258728.433, 227
Trd, 258729.450, 227
Trd, 258730.583, 225
Trd, 258730.883, 226
Trd, 258730.983, 226
Trd, 258731.717, 222
Trd, 258732.433, 225
Trd, 258732.500, 224
Trd, 258732.967, 220
Trd, 258733.350, 220
Trd, 258733.483, 220
Trd, 258733.667, 216
Trd, 258733.700, 215
Trd, 258735.350, 202
Trd, 258735.483, 221
Trd, 258735.767, 221
Trd, 258735.983, 230
Trd, 258736.767, 216
Trd, 258737.033, 220
Trd, 258737.467, 216
Trd, 258737.733, 216
Trd, 258738.100, 229
Trd, 258738.183, 215
Trd, 258739.317, 226
Trd, 258739.833, 231
Trd, 258740.367, 226
Trd, 258740.833, 224
Trd, 258741.017, 226
Trd, 258741.083, 225
Trd, 258741.300, 226
Trd, 258741.633, 224
Trd, 258742.000, 215
Trd, 258743.183, 229
Trd, 258743.383, 232
Trd, 258743.883, 215
Trd, 258743.983, 228
Trd, 258744.333, 229
Trd, 258744.633, 228
Trd, 258745.117, 211
Trd, 258746.417, 221
Trd, 258747.567, 217
Trd, 258748.250, 217
Trd, 258748.517, 223
Trd, 258748.533, 226
Trd, 258748.717, 216
Trd, 258748.783, 216
Trd, 258748.933, 215
Trd, 258748.950, 214
Trd, 258749.433, 208
Trd, 258750.550, 219
Trd, 258750.733, 213
Trd, 258750.750, 212
Trd, 258751.267, 221
Trd, 258751.867, 211
Trd, 258752.083, 210
Trd, 258752.767, 218
Trd, 258752.917, 220
Trd, 258753.517, 215
Trd, 258753.650, 213
Trd, 258753.750, 209
Trd, 258754.350, 203
Trd, 258755.250, 213
Trd, 258756.400, 220
Trd, 258757.250, 220
Trd, 258757.350, 217
Trd, 258757.617, 219
Trd, 258757.933, 221
Trd, 258758.483, 224
Trd, 258758.883, 220
Trd, 258759.483, 223
Trd, 258760.067, 225
Trd, 258760.100, 224
Trd, 258760.783, 228
Trd, 258760.800, 229
Trd, 258760.817, 224
Trd, 258761.167, 236
Trd, 258761.700, 221
Trd, 258762.250, 209
Trd, 258762.583, 220
Trd, 258763.317, 211
Trd, 258763.400, 212
Trd, 258763.850, 214
Trd, 258764.167, 214
Trd, 258764.867, 219
Trd, 258764.883, 219
Trd, 258765.400, 221
Trd, 258765.533, 222
Trd, 258766.350, 220
Trd, 258766.550, 226
Trd, 258766.667, 204
Trd, 258767.000, 222
Trd, 258767.483, 221
Trd, 258768.867, 217
Trd, 258769.883, 216
Trd, 258770.017, 217
Trd, 258770.200, 215
Trd, 258770.350, 218
Trd, 258771.383, 212
Trd, 258771.417, 211
Trd, 258771.750, 206
Trd, 258771.783, 217
Trd, 258771.883, 219
Trd, 258772.617, 221
Trd, 258773.683, 207
Trd, 258774.333, 217
Trd, 258775.133, 209
Trd, 258775.467, 211
Trd, 258775.483, 218
Trd, 258776.117, 209
Trd, 258776.417, 211
Trd, 258777.217, 221
Trd, 258777.567, 231
Trd, 258778.717, 219
Trd, 258779.083, 219
Trd, 258779.567, 220
Trd, 258779.800, 221
Trd, 258779.850, 219
Trd, 258779.967, 219
Trd, 258780.033, 235
Trd, 258780.833, 231
Trd, 258781.350, 218
Trd, 258782.000, 227
Trd, 258782.050, 218
Trd, 258782.117, 215
Trd, 258784.117, 223
Trd, 258784.350, 219
Trd, 258784.467, 219
Trd, 258785.383, 218
Trd, 258785.467, 208
Trd, 258785.833, 205
Trd, 258786.233, 202
Trd, 258786.617, 211
Trd, 258787.383, 214
Trd, 258787.483, 215
Trd, 258787.733, 215
Trd, 258788.800, 218
Trd, 258789.883, 212
Trd, 258790.367, 219
Trd, 258791.233, 227
Trd, 258791.733, 237
Trd, 258791.850, 238
Trd, 258792.317, 218
Trd, 258792.367, 217
Trd, 258793.150, 223
Trd, 258793.617, 214
Trd, 258793.650, 212
Trd, 258793.917, 212
Trd, 258794.400, 218
Trd, 258795.300, 225
Trd, 258795.717, 217
Trd, 258795.850, 227
Trd, 258796.183, 219
Trd, 258796.300, 216
Trd, 258796.367, 215
Trd, 258796.517, 203
Trd, 258797.050, 220
Trd, 258798.050, 222
Trd, 258798.583, 223
Trd, 258798.683, 225
Trd, 258799.250, 209
Trd, 258799.733, 217
Trd, 258799.950, 210
Trd, 258800.517, 203
Trd, 258801.817, 205
Trd, 258801.867, 204
Trd, 258802.483, 210
Trd, 258802.983, 216
Trd, 258803.417, 218
Trd, 258803.433, 223
Trd, 258803.583, 238
Trd, 258803.933, 232
Trd, 258804.000, 212
Trd, 258804.300, 232
Trd, 258805.000, 212
Trd, 258805.283, 212
Trd, 258805.667, 223
Trd, 258805.800, 211
Trd, 258806.817, 223
Trd, 258807.417, 224
Trd, 258808.267, 226
Trd, 258808.450, 222
Trd, 258808.633, 221
Trd, 258808.700, 220
Trd, 258809.183, 222
Trd, 258810.383, 212
Trd, 258810.400, 221
Trd, 258810.450, 211
Trd, 258810.467, 210
Trd, 258810.550, 209
Trd, 258811.067, 205
Trd, 258811.317, 202
Trd, 258811.567, 220
Trd, 258812.317, 223
Trd, 258812.467, 219
Trd, 258813.700, 227
Trd, 258814.683, 218
Trd, 258815.417, 221
Trd, 258815.450, 211
Trd, 258816.217, 215
Trd, 258816.250, 213
Trd, 258816.783, 216
Trd, 258817.133, 225
Trd, 258817.150, 220
Trd, 258817.683, 226
Trd, 258817.967, 218
Trd, 258818.217, 226
Trd, 258818.400, 215
Trd, 258818.567, 229
Trd, 258818.683, 213
Trd, 258819.950, 234
Trd, 258820.200, 232
Trd, 258820.617, 206
Trd, 258820.900, 224
Trd, 258821.450, 222
Trd, 258822.267, 221
Trd, 258822.683, 212
Trd, 258823.050, 225
Trd, 258823.750, 226
Trd, 258823.967, 215
Trd, 258824.817, 216
Trd, 258825.317, 219
Trd, 258825.350, 222
Trd, 258826.083, 215
Trd, 258826.433, 215
Trd, 258826.967, 220
Trd, 258827.550, 220
Trd, 258827.850, 221
Trd, 258828.217, 223
Trd, 258828.367, 222
Trd, 258829.033, 209
Trd, 258829.350, 208
Trd, 258829.467, 228
Trd, 258829.817, 202
Trd, 258829.967, 215
Trd, 258830.983, 194
Trd, 258831.483, 208
Trd, 258831.767, 221
Trd, 258832.400, 213
Trd, 258833.150, 228
Trd, 258833.733, 218
Trd, 258834.400, 226
Trd, 258834.450, 219
Trd, 258834.917, 216
Trd, 258835.383, 216
Trd, 258835.750, 220
Trd, 258835.867, 226
Trd, 258835.883, 215
Trd, 258836.000, 231
Trd, 258836.233, 211
Trd, 258836.833, 210
Trd, 258837.400, 233
Trd, 258837.617, 218
Trd, 258837.867, 226
Trd, 258838.467, 214
Trd, 258838.917, 214
Trd, 258839.050, 213
Trd, 258840.067, 227
Trd, 258840.133, 229
Trd, 258840.933, 215
Trd, 258841.183, 229
Trd, 258841.817, 207
Trd, 258841.950, 206
Trd, 258841.967, 205
Trd, 258842.100, 211
Trd, 258844.533, 222
Trd, 258844.817, 232
Trd, 258845.483, 222
Trd, 258845.517, 221
Trd, 258845.533, 219
Trd, 258845.683, 216
Trd, 258846.050, 233
Trd, 258846.100, 222
Trd, 258846.433, 225
Trd, 258847.383, 222
Trd, 258847.717, 217
Trd, 258848.117, 231
Trd, 258848.133, 232
Trd, 258848.383, 216
Trd, 258849.417, 229
Trd, 258849.533, 216
Trd, 258850.683, 226
Trd, 258850.850, 228
Trd, 258851.850, 226
Trd, 258852.267, 230
Trd, 258852.933, 222
Trd, 258853.550, 233
Trd, 258853.617, 221
Trd, 258853.767, 220
Trd, 258853.883, 215
Trd, 258854.150, 217
Trd, 258854.267, 213
Trd, 258855.117, 221
Trd, 258855.350, 213
Trd, 258855.867, 212
Trd, 258856.050, 211
Trd, 258856.467, 202
Trd, 258857.250, 209
Trd, 258857.817, 216
Trd, 258858.117, 213
Trd, 258858.267, 203
Trd, 258858.767, 210
Trd, 258859.100, 225
Trd, 258860.250, 212
Trd, 258860.667, 194
Trd, 258861.117, 222
Trd, 258861.900, 229
Trd, 258862.767, 210
Trd, 258862.883, 200
Trd, 258863.733, 205
Trd, 258863.800, 207
Trd, 258864.083, 222
Trd, 258864.167, 226
Trd, 258864.383, 214
Trd, 258864.867, 221
Trd, 258865.317, 209
Trd, 258866.183, 225
Trd, 258866.383, 226
Trd, 258866.967, 215
Trd, 258868.400, 215
Trd, 258868.617, 227
Trd, 258869.217, 230
Trd, 258869.417, 229
Trd, 258870.250, 225
Trd, 258870.400, 212
Trd, 258871.233, 206
Trd, 258871.533, 226
Trd, 258872.150, 212
Trd, 258872.817, 221
Trd, 258872.933, 211
Trd, 258873.350, 212
Trd, 258873.550, 222
Trd, 258874.067, 228
Trd, 258874.467, 215
Trd, 258875.067, 215
Trd, 258875.783, 222
Trd, 258876.533, 227
Trd, 258876.833, 228
Trd, 258878.317, 226
Trd, 258878.650, 224
Trd, 258879.050, 217
Trd, 258879.200, 216
Trd, 258880.883, 211
Trd, 258881.583, 218
Trd, 258882.167, 214
Trd, 258882.400, 209
Trd, 258882.417, 216
Trd, 258883.617, 227
Trd, 258883.717, 211
Trd, 258884.100, 228
Trd, 258884.317, 229
Trd, 258884.517, 209
Trd, 258885.500, 205
Trd, 258885.750, 213
Trd, 258885.950, 214
Trd, 258886.933, 220
Trd, 258887.267, 221
Trd, 258887.600, 220
Trd, 258888.167, 212
Trd, 258888.217, 213
Trd, 258889.083, 217
Trd, 258889.167, 229
Trd, 258889.183, 215
Trd, 258889.683, 229
Trd, 258890.000, 215
Trd, 258890.200, 215
Trd, 258890.400, 210
Trd, 258890.967, 203
Trd, 258891.333, 204
Trd, 258891.633, 210
Trd, 258891.717, 229
Trd, 258892.950, 221
Trd, 258893.350, 225
Trd, 258893.817, 219
Trd, 258894.333, 217
Trd, 258895.833, 220
Trd, 258896.000, 209
Trd, 258896.817, 215
Trd, 258897.000, 218
Trd, 258897.183, 221
Trd, 258897.567, 215
Trd, 258898.350, 216
Trd, 258899.733, 223
Trd, 258899.983, 221
Trd, 258900.017, 215
Trd, 258901.867, 212
Trd, 258901.883, 212
Trd, 258902.317, 213
Trd, 258902.383, 213
Trd, 258902.833, 216
Trd, 258903.267, 217
Trd, 258903.900, 218
Trd, 258903.933, 225
Trd, 258903.950, 226
Trd, 258904.100, 227
Trd, 258904.500, 219
Trd, 258904.983, 221
Trd, 258905.067, 209
Trd, 258905.283, 231
Trd, 258905.450, 208
Trd, 258905.800, 226
Trd, 258906.200, 216
Trd, 258906.233, 206
Trd, 258906.417, 213
Trd, 258907.167, 221
Trd, 258907.450, 212
Trd, 258907.817, 224
Trd, 258908.100, 210
Trd, 258909.017, 208
Trd, 258909.350, 208
Trd, 258909.883, 223
Trd, 258911.017, 227
Trd, 258911.400, 214
Trd, 258911.483, 228
Trd, 258913.167, 224
Trd, 258913.300, 222
Trd, 258914.350, 224
Trd, 258914.583, 223
Trd, 258914.933, 223
Trd, 258915.133, 227
Trd, 258915.150, 213
Trd, 258917.667, 220
Trd, 258917.750, 224
Trd, 258918.050, 222
Trd, 258918.483, 224
Trd, 258918.583, 230
Trd, 258919.083, 225
Trd, 258919.167, 224
Trd, 258919.283, 229
Trd, 258919.367, 236
Trd, 258919.583, 219
Trd, 258919.867, 215
Trd, 258920.183, 221
Trd, 258920.417, 210
Trd, 258921.200, 206
Trd, 258921.517, 221
Trd, 258922.150, 203
Trd, 258922.300, 218
Trd, 258923.067, 212
Trd, 258923.583, 206
Trd, 258923.833, 215
Trd, 258924.267, 215
Trd, 258924.750, 213
Trd, 258924.817, 217
Trd, 258925.250, 229
Trd, 258925.517, 233
Trd, 258925.600, 234
Trd, 258925.950, 226
Trd, 258926.250, 213
Trd, 258927.483, 216
Trd, 258927.517, 215
Trd, 258927.767, 213
Trd, 258927.800, 220
Trd, 258927.983, 214
Trd, 258929.017, 209
Trd, 258929.833, 221
Trd, 258930.400, 228
Trd, 258931.500, 218
Trd, 258931.533, 215
Trd, 258932.183, 223
Trd, 258932.583, 230
Trd, 258932.700, 212
Trd, 258933.500, 218
Trd, 258934.467, 218
Trd, 258934.633, 226
Trd, 258934.683, 216
Trd, 258934.817, 216
Trd, 258934.917, 215
Trd, 258935.267, 212
Trd, 258935.450, 216
Trd, 258935.533, 227
Trd, 258936.033, 205
Trd, 258938.250, 234
Trd, 258938.583, 234
Trd, 258938.650, 232
Trd, 258938.783, 229
Trd, 258939.433, 229
Trd, 258939.467, 237
Trd, 258941.117, 213
Trd, 258941.950, 212
Trd, 258942.317, 202
Trd, 258942.517, 213
Trd, 258942.683, 215
Trd, 258942.800, 221
Trd, 258943.050, 204
Trd, 258943.200, 210
Trd, 258943.567, 233
Trd, 258943.933, 216
Trd, 258944.767, 219
Trd, 258945.600, 228
Trd, 258945.650, 218
Trd, 258946.100, 212
Trd, 258946.250, 212
Trd, 258946.650, 214
Trd, 258947.233, 219
Trd, 258948.133, 220
Trd, 258948.200, 219
Trd, 258948.550, 218
Trd, 258948.900, 215
Trd, 258949.033, 221
Trd, 258949.233, 224
Trd, 258949.850, 222
Trd, 258950.550, 222
Trd, 258950.833, 212
Trd, 258951.267, 211
Trd, 258952.217, 226
Trd, 258952.583, 227
Trd, 258952.883, 229
Trd, 258953.233, 218
Trd, 258953.283, 217
Trd, 258954.617, 219
Trd, 258954.817, 225
Trd, 258955.000, 225
Trd, 258955.200, 230
Trd, 258955.917, 227
Trd, 258956.317, 215
Trd, 258956.783, 217
Trd, 258957.050, 221
Trd, 258957.450, 217
Trd, 258957.833, 216
Trd, 258957.983, 215
Trd, 258958.250, 227
Trd, 258958.500, 227
Trd, 258958.567, 227
Trd, 258959.017, 225
Trd, 258959.033, 224
Trd, 258959.500, 208
Trd, 258959.983, 230
Trd, 258960.800, 233
Trd, 258960.967, 219
Trd, 258961.067, 210
Trd, 258961.883, 231
Trd, 258961.900, 232
Trd, 258962.983, 235
Trd, 258963.267, 227
Trd, 258964.367, 229
Trd, 258964.400, 228
Trd, 258964.617, 229
Trd, 258965.433, 224
Trd, 258966.150, 223
Trd, 258966.450, 219
Trd, 258966.933, 219
Trd, 258967.317, 231
Trd, 258967.450, 227
Trd, 258967.500, 224
Trd, 258967.767, 215
Trd, 258968.017, 220
Trd, 258968.167, 211
Trd, 258968.217, 236
Trd, 258968.617, 234
Trd, 258970.250, 204
Trd, 258970.500, 204
Trd, 258970.700, 218
Trd, 258971.050, 219
Trd, 258971.417, 216
Trd, 258971.800, 226
Trd, 258971.933, 215
Trd, 258972.067, 202
Trd, 258972.983, 214
Trd, 258974.317, 210
Trd, 258974.567, 213
Trd, 258974.617, 209
Trd, 258974.633, 215
Trd, 258975.750, 219
Trd, 258976.000, 216
Trd, 258976.083, 221
Trd, 258976.733, 212
Trd, 258977.467, 232
Trd, 258977.917, 227
Trd, 258977.933, 213
Trd, 258978.100, 232
Trd, 258978.217, 210
Trd, 258978.367, 203
Trd, 258979.100, 225
Trd, 258979.250, 228
Trd, 258979.367, 225
Trd, 258980.200, 224
Trd, 258981.333, 223
Trd, 258981.400, 218
Trd, 258981.583, 231
Trd, 258982.100, 220
Trd, 258982.833, 217
Trd, 258983.333, 226
Trd, 258983.433, 217
Trd, 258983.767, 226
Trd, 258983.833, 228
Trd, 258984.200, 220
Trd, 258984.267, 219
Trd, 258985.083, 218
Trd, 258985.767, 219
Trd, 258986.250, 216
Trd, 258986.350, 204
Trd, 258986.467, 210
Trd, 258986.550, 220
Trd, 258987.667, 206
Trd, 258988.483, 205
Trd, 258989.683, 209
Trd, 258990.067, 212
Trd, 258990.417, 213
Trd, 258990.717, 215
Trd, 258990.767, 221
Trd, 258991.683, 220
Trd, 258992.250, 215
Trd, 258992.350, 228
Trd, 258992.400, 213
Trd, 258992.917, 210
Trd, 258993.050, 221
Trd, 258993.767, 228
Trd, 258993.783, 206
Trd, 258994.083, 228
Trd, 258994.117, 213
Trd, 258994.467, 221
Trd, 258994.733, 211
Trd, 258994.883, 228
Trd, 258995.967, 214
Trd, 258997.500, 215
Trd, 258998.167, 215
Trd, 258998.283, 214
Trd, 258999.350, 227
Trd, 258999.567, 228
Trd, 258999.883, 215
Trd, 259000.083, 234
Trd, 259000.167, 209
Trd, 259000.450, 229
Trd, 259001.450, 206
Trd, 259002.133, 219
Trd, 259003.483, 216
Trd, 259003.817, 217
Trd, 259004.667, 218
Trd, 259004.767, 233
Trd, 259004.883, 236
Trd, 259005.700, 221
Trd, 259005.983, 227
Trd, 259006.017, 220
Trd, 259006.217, 218
Trd, 259007.050, 215
Trd, 259007.283, 225
Trd, 259007.367, 227
Trd, 259007.433, 217
Trd, 259007.600, 215
Trd, 259007.617, 214
Trd, 259007.850, 200
Trd, 259008.617, 221
Trd, 259009.133, 214
Trd, 259009.167, 222
Trd, 259009.300, 213
Trd, 259010.383, 231
Trd, 259010.400, 211
Trd, 259010.650, 215
Trd, 259011.133, 214
Trd, 259012.050, 234
Trd, 259012.617, 237
Trd, 259012.817, 221
Trd, 259013.133, 217
Trd, 259013.300, 216
Trd, 259013.750, 216
Trd, 259014.767, 211
Trd, 259015.000, 207
Trd, 259015.500, 206
Trd, 259015.733, 223
Trd, 259016.233, 210
Trd, 259016.533, 218
Trd, 259016.650, 210
Trd, 259016.817, 205
Trd, 259017.017, 218
Trd, 259017.700, 228
Trd, 259018.133, 232
Trd, 259019.583, 220
Trd, 259020.450, 211
Trd, 259020.983, 221
Trd, 259021.267, 223
Trd, 259022.050, 216
Trd, 259022.083, 230
Trd, 259022.300, 220
Trd, 259022.433, 215
Trd, 259022.550, 213
Trd, 259022.667, 219
Trd, 259022.700, 215
Trd, 259023.300, 207
Trd, 259023.800, 215
Trd, 259023.933, 229
Trd, 259025.200, 211
Trd, 259026.200, 212
Trd, 259026.383, 225
Trd, 259026.517, 215
Trd, 259027.050, 216
Trd, 259027.633, 217
Trd, 259027.900, 216
Trd, 259029.017, 216
Trd, 259029.583, 224
Trd, 259029.733, 225
Trd, 259029.783, 226
Trd, 259031.000, 217
Trd, 259031.117, 217
Trd, 259031.500, 229
Trd, 259032.050, 209
Trd, 259032.683, 231
Trd, 259033.667, 228
Trd, 259033.717, 213
Trd, 259033.883, 222
Trd, 259034.350, 224
Trd, 259034.767, 223
Trd, 259035.367, 217
Trd, 259035.783, 217
Trd, 259036.133, 216
Trd, 259037.017, 222
Trd, 259037.550, 223
Trd, 259037.633, 227
Trd, 259038.367, 227
Trd, 259038.867, 222
Trd, 259039.133, 228
Trd, 259039.367, 223
Trd, 259039.600, 221
Trd, 259039.883, 217
Trd, 259040.167, 224
Trd, 259041.133, 218
Trd, 259041.233, 212
Trd, 259041.467, 207
Trd, 259041.983, 208
Trd, 259042.383, 229
Trd, 259042.783, 228
Trd, 259042.950, 230
Trd, 259043.233, 217
Trd, 259044.033, 219
Trd, 259044.533, 233
Trd, 259044.650, 219
Trd, 259045.283, 219
Trd, 259045.650, 228
Trd, 259046.067, 224
Trd, 259046.200, 224
Trd, 259046.300, 223
Trd, 259047.200, 219
Trd, 259047.467, 230
Trd, 259047.683, 230
Trd, 259048.300, 218
Trd, 259048.717, 237
Trd, 259048.883, 234
Trd, 259051.033, 227
Trd, 259051.517, 227
Trd, 259051.600, 228
Trd, 259051.800, 223
Trd, 259052.067, 226
Trd, 259052.350, 226
Trd, 259052.967, 225
Trd, 259053.217, 225
Trd, 259053.283, 224
Trd, 259054.100, 215
Trd, 259054.683, 214
Trd, 259055.100, 205
Trd, 259056.917, 224
Trd, 259057.017, 215
Trd, 259057.483, 225
Trd, 259058.400, 216
Trd, 259058.650, 215
Trd, 259058.933, 214
Trd, 259059.083, 213
Trd, 259059.533, 211
Trd, 259059.800, 225
Trd, 259059.817, 203
Trd, 259059.983, 225
Trd, 259060.217, 226
Trd, 259061.467, 222
Trd, 259061.617, 233
Trd, 259062.000, 248
Trd, 259062.467, 215
Trd, 259062.550, 225
Trd, 259063.183, 215
Trd, 259064.483, 215
Trd, 259064.633, 214
Trd, 259064.867, 224
Trd, 259064.983, 215
Trd, 259066.333, 216
Trd, 259066.600, 229
Trd, 259067.333, 212
Trd, 259067.417, 208
Trd, 259067.717, 206
Trd, 259067.767, 211
Trd, 259068.200, 204
Trd, 259068.750, 219
Trd, 259068.983, 213
Trd, 259070.017, 214
Trd, 259070.783, 218
Trd, 259071.050, 219
Trd, 259071.700, 202
Trd, 259072.050, 210
Trd, 259072.417, 218
Trd, 259072.950, 220
Trd, 259072.967, 206
Trd, 259073.350, 210
Trd, 259073.383, 221
Trd, 259073.767, 221
Trd, 259074.867, 213
Trd, 259075.383, 225
Trd, 259075.733, 212
Trd, 259076.533, 215
Trd, 259076.850, 223
Trd, 259077.017, 215
Trd, 259077.867, 218
Trd, 259078.600, 219
Trd, 259078.617, 216
Trd, 259078.883, 217
Trd, 259079.017, 224
Trd, 259079.500, 210
Trd, 259079.700, 220
Trd, 259082.150, 217
Trd, 259082.300, 222
Trd, 259083.033, 227
Trd, 259083.283, 216
Trd, 259083.550, 216
Trd, 259083.717, 216
Trd, 259083.783, 215
Trd, 259083.867, 214
Trd, 259084.083, 229
Trd, 259086.000, 209
Trd, 259086.400, 209
Trd, 259087.083, 210
Trd, 259087.433, 221
Trd, 259088.617, 218
Trd, 259089.200, 228
Trd, 259089.700, 227
Trd, 259090.033, 224
Trd, 259090.517, 228
Trd, 259091.033, 230
Trd, 259091.100, 227
Trd, 259091.250, 226
Trd, 259091.450, 225
Trd, 259091.783, 221
Trd, 259091.833, 230
Trd, 259092.733, 221
Trd, 259093.000, 226
Trd, 259093.467, 225
Trd, 259093.900, 229
Trd, 259094.017, 227
Trd, 259094.350, 234
Trd, 259094.650, 226
Trd, 259095.250, 208
Trd, 259095.417, 234
Trd, 259095.917, 211
Trd, 259096.400, 233
Trd, 259096.483, 235
Trd, 259096.883, 218
Trd, 259097.717, 218
Trd, 259098.033, 216
Trd, 259098.567, 226
Trd, 259098.800, 216
Trd, 259099.733, 216
Trd, 259099.783, 215
Trd, 259100.233, 226
Trd, 259101.000, 230
Trd, 259101.783, 206
Trd, 259102.717, 205
Trd, 259103.683, 208
Trd, 259104.250, 207
Trd, 259104.367, 211
Trd, 259104.483, 221
Trd, 259105.150, 210
Trd, 259105.567, 224
Trd, 259105.617, 212
Trd, 259105.867, 210
Trd, 259105.900, 220
Trd, 259106.117, 212
Trd, 259107.067, 207
Trd, 259107.267, 230
Trd, 259107.450, 225
Trd, 259107.717, 208
Trd, 259108.233, 206
Trd, 259108.800, 222
Trd, 259109.883, 217
Trd, 259110.833, 221
Trd, 259111.017, 223
Trd, 259111.767, 211
Trd, 259112.067, 210
Trd, 259112.300, 215
Trd, 259112.500, 212
Trd, 259112.850, 213
Trd, 259112.883, 214
Trd, 259113.033, 226
Trd, 259113.633, 226
Trd, 259114.550, 225
Trd, 259115.300, 228
Trd, 259116.383, 229
Trd, 259116.533, 228
Trd, 259118.067, 219
Trd, 259118.083, 229
Trd, 259118.150, 223
Trd, 259118.233, 212
Trd, 259118.683, 211
Trd, 259119.150, 220
Trd, 259119.400, 204
Trd, 259119.500, 223
Trd, 259120.500, 226
Trd, 259120.867, 227
Trd, 259121.317, 207
Trd, 259121.633, 211
Trd, 259121.850, 212
Trd, 259122.833, 208
Trd, 259124.100, 217
Trd, 259124.867, 217
Trd, 259125.017, 221
Trd, 259125.100, 226
Trd, 259125.350, 219
Trd, 259125.450, 218
Trd, 259126.083, 229
Trd, 259126.317, 236
Trd, 259126.933, 232
Trd, 259127.017, 218
Trd, 259127.517, 217
Trd, 259128.333, 217
Trd, 259128.700, 216
Trd, 259128.783, 221
Trd, 259129.033, 226
Trd, 259129.233, 215
Trd, 259131.033, 220
Trd, 259131.417, 206
Trd, 259132.300, 222
Trd, 259133.033, 235
Trd, 259134.133, 220
Trd, 259134.583, 222
Trd, 259134.750, 221
Trd, 259134.967, 220
Trd, 259135.050, 217
Trd, 259135.767, 219
Trd, 259135.833, 226
Trd, 259135.900, 215
Trd, 259136.783, 211
Trd, 259136.900, 226
Trd, 259137.450, 231
Trd, 259138.067, 235
Trd, 259138.500, 208
Trd, 259138.617, 207
Trd, 259138.667, 206
Trd, 259139.350, 211
Trd, 259139.433, 207
Trd, 259139.867, 214
Trd, 259140.133, 234
Trd, 259140.333, 206
Trd, 259140.500, 205
Trd, 259140.617, 232
Trd, 259141.883, 232
Trd, 259142.333, 231
Trd, 259142.750, 234
Trd, 259142.883, 213
Trd, 259142.900, 212
Trd, 259143.567, 219
Trd, 259143.767, 219
Trd, 259144.267, 218
Trd, 259144.317, 212
Trd, 259144.517, 232
Trd, 259144.933, 226
Trd, 259145.800, 204
Trd, 259147.083, 226
Trd, 259147.617, 216
Trd, 259148.000, 215
Trd, 259148.167, 224
Trd, 259149.033, 218
Trd, 259150.117, 219
Trd, 259150.617, 220
Trd, 259150.633, 221
Trd, 259150.900, 219
Trd, 259151.200, 226
Trd, 259151.967, 220
Trd, 259151.983, 229
Trd, 259152.717, 221
Trd, 259152.800, 221
Trd, 259152.967, 230
Trd, 259153.667, 225
Trd, 259153.817, 224
Trd, 259154.533, 227
Trd, 259155.033, 226
Trd, 259155.717, 225
Trd, 259155.783, 224
Trd, 259156.700, 219
Trd, 259156.867, 227
Trd, 259157.033, 218
Trd, 259157.500, 232
Trd, 259158.233, 233
Trd, 259158.267, 225
Trd, 259159.033, 215
Trd, 259160.317, 225
Trd, 259160.583, 225
Trd, 259160.933, 225
Trd, 259161.033, 226
Trd, 259162.633, 224
Trd, 259163.050, 223
Trd, 259163.200, 224
Trd, 259163.267, 223
Trd, 259163.350, 222
Trd, 259163.700, 215
Trd, 259164.550, 216
Trd, 259165.000, 202
Trd, 259165.100, 206
Trd, 259165.150, 207
Trd, 259165.367, 203
Trd, 259165.683, 227
Trd, 259165.917, 228
Trd, 259166.033, 229
Trd, 259166.200, 209
Trd, 259166.850, 226
Trd, 259166.967, 222
Trd, 259167.000, 213
Trd, 259167.450, 207
Trd, 259168.983, 212
Trd, 259169.517, 221
Trd, 259170.483, 222
Trd, 259170.550, 221
Trd, 259170.767, 226
Trd, 259170.867, 229
Trd, 259170.933, 220
Trd, 259171.533, 218
Trd, 259172.283, 224
Trd, 259172.567, 227
Trd, 259172.900, 230
Trd, 259173.150, 235
Trd, 259173.333, 218
Trd, 259173.467, 236
Trd, 259174.833, 222
Trd, 259175.000, 221
Trd, 259175.150, 217
Trd, 259175.300, 215
Trd, 259176.033, 229
Trd, 259176.733, 214
Trd, 259177.350, 213
Trd, 259177.567, 212
Trd, 259177.733, 210
Trd, 259178.617, 211
Trd, 259179.267, 214
Trd, 259180.117, 213
Trd, 259180.717, 210
Trd, 259180.783, 216
Trd, 259180.917, 221
Trd, 259180.967, 202
Trd, 259181.300, 212
Trd, 259182.150, 212
Trd, 259182.167, 222
Trd, 259182.400, 211
Trd, 259183.533, 215
Trd, 259183.667, 217
Trd, 259184.017, 217
Trd, 259184.117, 216
Trd, 259185.750, 218
Trd, 259186.317, 221
Trd, 259186.400, 214
Trd, 259186.467, 213
Trd, 259186.733, 228
Trd, 259187.133, 231
Trd, 259187.200, 236
Trd, 259188.317, 242
Trd, 259188.450, 240
Trd, 259188.933, 226
Trd, 259189.667, 225
Trd, 259190.467, 227
Trd, 259190.983, 226
Trd, 259191.233, 225
Trd, 259191.517, 224
Trd, 259191.817, 238
Trd, 259192.900, 216
Trd, 259192.933, 215
Trd, 259193.633, 225
Trd, 259193.833, 213
Trd, 259194.300, 227
Trd, 259194.383, 216
Trd, 259195.600, 209
Trd, 259195.717, 208
Trd, 259195.850, 211
Trd, 259196.133, 211
Trd, 259196.950, 225
Trd, 259197.000, 215
Trd, 259197.233, 231
Trd, 259197.450, 240
Trd, 259197.633, 219
Trd, 259198.583, 222
Trd, 259199.017, 222
Trd, 259199.050, 221
Trd, 259199.550, 221
Trd, 259199.700, 213
