Trd, 258505.667, 216
Trd, 258506.633, 226
Trd, 258506.750, 226
Trd, 258508.583, 221
Trd, 258509.317, 221
Trd, 258509.350, 222
Trd, 258509.683, 220
Trd, 258509.717, 219
Trd, 258509.883, 216
Trd, 258509.917, 234
Trd, 258510.250, 214
Trd, 258510.317, 205
Trd, 258510.367, 196
Trd, 258511.150, 224
Trd, 258511.600, 215
Trd, 258511.800, 216
Trd, 258512.367, 214
Trd, 258512.550, 229
Trd, 258512.650, 206
Trd, 258514.133, 243
Trd, 258514.633, 222
Trd, 258514.650, 224
Trd, 258514.800, 237
Trd, 258514.983, 221
Trd, 258515.083, 218
Trd, 258516.017, 218
Trd, 258517.433, 232
Trd, 258517.533, 218
Trd, 258517.850, 222
Trd, 258518.417, 220
Trd, 258518.567, 212
Trd, 258519.000, 218
Trd, 258519.083, 214
Trd, 258519.850, 213
Trd, 258520.733, 220
Trd, 258521.267, 218
Trd, 258521.533, 221
Trd, 258521.733, 206
Trd, 258522.167, 209
Trd, 258522.483, 196
Trd, 258522.983, 196
Trd, 258523.150, 204
Trd, 258523.333, 194
Trd, 258523.667, 193
Trd, 258523.733, 208
Trd, 258524.500, 210
Trd, 258524.850, 218
Trd, 258525.167, 213
Trd, 258525.500, 219
Trd, 258526.267, 215
Trd, 258526.833, 216
Trd, 258527.117, 215
Trd, 258527.783, 216
Trd, 258528.400, 216
Trd, 258528.617, 213
Trd, 258528.950, 217
Trd, 258529.083, 219
Trd, 258529.317, 221
Trd, 258529.700, 218
Trd, 258530.017, 213
Trd, 258530.167, 213
Trd, 258530.883, 215
Trd, 258531.283, 210
Trd, 258531.750, 205
Trd, 258532.400, 218
Trd, 258532.900, 219
Trd, 258533.017, 220
Trd, 258533.333, 204
Trd, 258534.733, 221
Trd, 258535.033, 217
Trd, 258535.067, 216
Trd, 258535.183, 226
Trd, 258536.033, 223
Trd, 258536.267, 218
Trd, 258536.367, 224
Trd, 258536.500, 215
Trd, 258536.867, 207
Trd, 258537.200, 218
Trd, 258537.333, 224
Trd, 258537.483, 206
Trd, 258537.583, 200
Trd, 258537.617, 196
Trd, 258537.800, 201
Trd, 258537.967, 187
Trd, 258538.533, 214
Trd, 258539.983, 212
Trd, 258540.067, 211
Trd, 258540.400, 204
Trd, 258541.083, 215
Trd, 258542.300, 218
Trd, 258542.533, 210
Trd, 258542.883, 223
Trd, 258542.933, 224
Trd, 258543.167, 211
Trd, 258544.383, 208
Trd, 258544.500, 207
Trd, 258544.650, 214
Trd, 258545.250, 202
Trd, 258545.450, 204
Trd, 258545.500, 197
Trd, 258546.050, 219
Trd, 258546.133, 220
Trd, 258546.467, 196
Trd, 258546.600, 213
Trd, 258546.667, 219
Trd, 258547.100, 222
Trd, 258547.383, 195
Trd, 258549.617, 222
Trd, 258549.650, 229
Trd, 258549.917, 204
Trd, 258550.033, 203
Trd, 258550.483, 213
Trd, 258550.767, 228
Trd, 258551.417, 226
Trd, 258551.767, 227
Trd, 258552.100, 226
Trd, 258552.433, 219
Trd, 258552.667, 234
Trd, 258553.767, 221
Trd, 258553.967, 218
Trd, 258554.200, 212
Trd, 258555.283, 203
Trd, 258555.333, 220
Trd, 258556.000, 221
Trd, 258556.367, 214
Trd, 258556.800, 217
Trd, 258556.900, 212
Trd, 258557.333, 218
Trd, 258557.733, 210
Trd, 258557.850, 224
Trd, 258558.033, 203
Trd, 258558.883, 215
Trd, 258558.967, 228
Trd, 258559.683, 218
Trd, 258560.150, 218
Trd, 258560.867, 227
Trd, 258561.383, 210
Trd, 258561.550, 219
Trd, 258562.100, 235
Trd, 258562.133, 220
Trd, 258563.367, 215
Trd, 258563.833, 216
Trd, 258564.267, 216
Trd, 258564.683, 215
Trd, 258564.700, 212
Trd, 258565.017, 207
Trd, 258565.417, 217
Trd, 258565.733, 202
Trd, 258566.017, 196
Trd, 258566.517, 221
Trd, 258566.983, 200
Trd, 258567.467, 207
Trd, 258567.850, 220
Trd, 258568.000, 216
Trd, 258568.350, 189
Trd, 258568.400, 218
Trd, 258568.583, 215
Trd, 258568.617, 224
Trd, 258569.533, 216
Trd, 258570.417, 219
Trd, 258570.450, 235
Trd, 258570.750, 246
Trd, 258570.767, 212
Trd, 258571.233, 235
Trd, 258572.000, 217
Trd, 258573.233, 219
Trd, 258573.300, 218
Trd, 258573.633, 214
Trd, 258573.717, 207
Trd, 258573.767, 204
Trd, 258574.133, 218
Trd, 258574.267, 219
Trd, 258574.367, 221
Trd, 258574.483, 212
Trd, 258574.683, 228
Trd, 258575.083, 213
Trd, 258575.400, 208
Trd, 258575.983, 217
Trd, 258576.467, 232
Trd, 258577.400, 207
Trd, 258577.633, 235
Trd, 258577.767, 217
Trd, 258577.833, 200
Trd, 258578.483, 197
Trd, 258579.333, 196
Trd, 258579.550, 201
Trd, 258579.833, 192
Trd, 258579.900, 204
Trd, 258580.483, 215
Trd, 258581.133, 223
Trd, 258581.783, 199
Trd, 258581.967, 218
Trd, 258582.033, 214
Trd, 258583.367, 207
Trd, 258583.383, 219
Trd, 258583.700, 216
Trd, 258583.817, 220
Trd, 258584.700, 221
Trd, 258584.967, 218
Trd, 258585.050, 223
Trd, 258585.783, 218
Trd, 258586.100, 219
Trd, 258586.583, 216
Trd, 258586.817, 216
Trd, 258586.950, 216
Trd, 258587.467, 221
Trd, 258587.733, 213
Trd, 258588.833, 205
Trd, 258589.050, 221
Trd, 258589.767, 214
Trd, 258589.983, 214
Trd, 258590.467, 223
Trd, 258590.633, 219
Trd, 258590.650, 206
Trd, 258591.383, 217
Trd, 258591.517, 221
Trd, 258591.700, 224
Trd, 258593.100, 211
Trd, 258593.133, 213
Trd, 258593.583, 211
Trd, 258593.650, 210
Trd, 258594.167, 219
Trd, 258594.383, 222
Trd, 258594.433, 218
Trd, 258594.467, 216
Trd, 258594.817, 221
Trd, 258595.433, 206
Trd, 258595.933, 219
Trd, 258596.183, 220
Trd, 258596.600, 224
Trd, 258596.850, 215
Trd, 258597.050, 211
Trd, 258597.183, 215
Trd, 258598.467, 216
Trd, 258598.533, 215
Trd, 258598.650, 201
Trd, 258599.183, 203
Trd, 258599.717, 204
Trd, 258600.183, 218
Trd, 258600.517, 224
Trd, 258600.767, 207
Trd, 258601.233, 213
Trd, 258602.667, 220
Trd, 258603.433, 217
Trd, 258603.700, 213
Trd, 258603.750, 207
Trd, 258604.017, 218
Trd, 258604.283, 197
Trd, 258604.850, 222
Trd, 258605.233, 227
Trd, 258606.300, 218
Trd, 258606.467, 217
Trd, 258606.983, 226
Trd, 258607.267, 221
Trd, 258607.833, 228
Trd, 258608.217, 216
Trd, 258608.400, 215
Trd, 258608.533, 236
Trd, 258608.983, 215
Trd, 258609.500, 207
Trd, 258609.600, 219
Trd, 258610.217, 214
Trd, 258610.883, 218
Trd, 258610.900, 221
Trd, 258611.117, 223
Trd, 258611.683, 220
Trd, 258611.733, 219
Trd, 258611.950, 207
Trd, 258612.150, 212
Trd, 258612.433, 205
Trd, 258614.000, 219
Trd, 258614.083, 210
Trd, 258614.200, 203
Trd, 258614.633, 218
Trd, 258615.000, 225
Trd, 258615.383, 220
Trd, 258615.750, 196
Trd, 258616.117, 217
Trd, 258616.250, 220
Trd, 258617.450, 215
Trd, 258617.567, 213
Trd, 258617.583, 209
Trd, 258617.667, 224
Trd, 258618.517, 181
Trd, 258619.067, 193
Trd, 258619.283, 194
Trd, 258619.750, 211
Trd, 258620.367, 221
Trd, 258620.700, 219
Trd, 258620.800, 221
Trd, 258621.017, 208
Trd, 258621.133, 205
Trd, 258622.050, 209
Trd, 258622.317, 215
Trd, 258622.900, 204
Trd, 258624.067, 208
Trd, 258624.183, 199
Trd, 258624.717, 218
Trd, 258625.167, 219
Trd, 258625.650, 221
Trd, 258626.117, 221
Trd, 258626.200, 220
Trd, 258626.517, 219
Trd, 258626.983, 217
Trd, 258627.117, 185
Trd, 258627.333, 223
Trd, 258627.400, 224
Trd, 258627.550, 192
Trd, 258628.417, 215
Trd, 258628.867, 214
Trd, 258629.100, 216
Trd, 258629.650, 221
Trd, 258629.950, 208
Trd, 258630.183, 207
Trd, 258631.200, 221
Trd, 258631.417, 221
Trd, 258632.000, 233
Trd, 258632.317, 219
Trd, 258632.383, 218
Trd, 258632.483, 217
Trd, 258632.817, 211
Trd, 258632.833, 196
Trd, 258633.500, 222
Trd, 258634.817, 218
Trd, 258635.067, 216
Trd, 258635.233, 219
Trd, 258635.400, 215
Trd, 258636.767, 216
Trd, 258636.833, 218
Trd, 258636.867, 213
Trd, 258637.150, 221
Trd, 258637.733, 223
Trd, 258637.783, 204
Trd, 258638.650, 223
Trd, 258639.833, 225
Trd, 258640.233, 223
Trd, 258640.300, 220
Trd, 258640.550, 218
Trd, 258641.283, 222
Trd, 258641.483, 218
Trd, 258641.817, 223
Trd, 258642.100, 224
Trd, 258642.150, 229
Trd, 258642.433, 215
Trd, 258642.500, 212
Trd, 258643.233, 206
Trd, 258643.267, 220
Trd, 258643.333, 205
Trd, 258643.583, 203
Trd, 258643.650, 221
Trd, 258644.733, 205
Trd, 258645.483, 220
Trd, 258646.250, 222
Trd, 258646.317, 219
Trd, 258646.700, 218
Trd, 258646.817, 224
Trd, 258647.833, 219
Trd, 258648.050, 212
Trd, 258648.250, 209
Trd, 258648.783, 209
Trd, 258648.850, 207
Trd, 258649.733, 216
Trd, 258650.100, 209
Trd, 258650.350, 210
Trd, 258650.450, 206
Trd, 258650.583, 200
Trd, 258650.817, 198
Trd, 258651.167, 205
Trd, 258651.667, 215
Trd, 258652.067, 199
Trd, 258652.350, 209
Trd, 258653.233, 217
Trd, 258653.550, 218
Trd, 258653.900, 208
Trd, 258654.067, 218
Trd, 258654.967, 212
Trd, 258655.567, 212
Trd, 258656.217, 223
Trd, 258656.417, 216
Trd, 258656.500, 196
Trd, 258656.567, 224
Trd, 258657.600, 200
Trd, 258657.667, 203
Trd, 258657.950, 205
Trd, 258658.900, 210
Trd, 258659.000, 208
Trd, 258659.250, 218
Trd, 258659.350, 219
Trd, 258659.750, 224
Trd, 258661.000, 219
Trd, 258661.017, 218
Trd, 258662.083, 222
Trd, 258662.200, 220
Trd, 258662.600, 218
Trd, 258663.050, 221
Trd, 258663.583, 219
Trd, 258663.717, 217
Trd, 258664.450, 213
Trd, 258664.567, 217
Trd, 258664.700, 216
Trd, 258664.767, 218
Trd, 258665.250, 215
Trd, 258665.300, 207
Trd, 258665.583, 221
Trd, 258665.817, 220
Trd, 258666.117, 222
Trd, 258666.267, 220
Trd, 258666.517, 229
Trd, 258666.983, 221
Trd, 258669.767, 218
Trd, 258670.100, 228
Trd, 258670.267, 213
Trd, 258670.750, 211
Trd, 258670.917, 205
Trd, 258671.050, 196
Trd, 258671.133, 225
Trd, 258671.983, 194
Trd, 258672.150, 202
Trd, 258672.283, 207
Trd, 258672.617, 223
Trd, 258672.900, 195
Trd, 258673.200, 216
Trd, 258673.600, 211
Trd, 258673.850, 212
Trd, 258673.967, 210
Trd, 258674.233, 222
Trd, 258675.283, 216
Trd, 258676.083, 218
Trd, 258676.133, 219
Trd, 258676.483, 224
Trd, 258677.150, 212
Trd, 258677.850, 221
Trd, 258678.667, 235
Trd, 258678.700, 226
Trd, 258679.000, 230
Trd, 258679.917, 233
Trd, 258680.083, 214
Trd, 258680.467, 224
Trd, 258680.900, 211
Trd, 258681.117, 208
Trd, 258681.133, 207
Trd, 258681.500, 220
Trd, 258682.167, 224
Trd, 258682.350, 222
Trd, 258683.650, 225
Trd, 258683.950, 223
Trd, 258684.450, 229
Trd, 258684.683, 226
Trd, 258684.700, 226
Trd, 258684.800, 231
Trd, 258685.033, 221
Trd, 258685.133, 218
Trd, 258685.817, 206
Trd, 258686.667, 196
Trd, 258688.017, 218
Trd, 258688.100, 227
Trd, 258688.183, 190
Trd, 258688.850, 215
Trd, 258689.200, 224
Trd, 258689.717, 199
Trd, 258690.083, 193
Trd, 258690.367, 192
Trd, 258691.200, 204
Trd, 258691.367, 224
Trd, 258691.750, 228
Trd, 258692.150, 213
Trd, 258692.183, 211
Trd, 258693.050, 209
Trd, 258693.083, 208
Trd, 258693.700, 203
Trd, 258694.033, 218
Trd, 258694.050, 201
Trd, 258694.283, 222
Trd, 258694.450, 206
Trd, 258694.783, 216
Trd, 258695.200, 218
Trd, 258695.917, 195
Trd, 258695.933, 224
Trd, 258696.117, 225
Trd, 258696.733, 216
Trd, 258697.517, 229
Trd, 258698.467, 215
Trd, 258699.400, 220
Trd, 258699.900, 218
Trd, 258700.600, 219
Trd, 258701.233, 220
Trd, 258701.350, 217
Trd, 258701.467, 221
Trd, 258701.483, 220
Trd, 258702.100, 231
Trd, 258702.333, 219
Trd, 258702.533, 212
Trd, 258703.533, 188
Trd, 258703.550, 205
Trd, 258703.733, 214
Trd, 258704.150, 220
Trd, 258704.667, 220
Trd, 258704.700, 219
Trd, 258704.733, 213
Trd, 258705.483, 234
Trd, 258706.867, 221
Trd, 258706.917, 204
Trd, 258708.183, 196
Trd, 258708.467, 188
Trd, 258708.833, 204
Trd, 258709.600, 186
Trd, 258710.033, 191
Trd, 258710.150, 199
Trd, 258710.167, 217
Trd, 258710.450, 218
Trd, 258710.533, 223
Trd, 258711.500, 191
Trd, 258711.633, 204
Trd, 258712.133, 189
Trd, 258712.683, 190
Trd, 258713.267, 210
Trd, 258713.683, 215
Trd, 258714.283, 226
Trd, 258714.850, 225
Trd, 258715.400, 206
Trd, 258715.583, 223
Trd, 258715.617, 202
Trd, 258715.917, 193
Trd, 258716.483, 209
Trd, 258716.583, 208
Trd, 258717.617, 205
Trd, 258717.650, 223
Trd, 258718.483, 214
Trd, 258718.500, 213
Trd, 258718.550, 215
Trd, 258719.900, 203
Trd, 258720.033, 214
Trd, 258720.133, 222
Trd, 258720.150, 225
Trd, 258720.317, 207
Trd, 258720.917, 187
Trd, 258721.367, 214
Trd, 258721.700, 196
Trd, 258722.483, 217
Trd, 258722.550, 218
Trd, 258722.783, 211
Trd, 258723.283, 218
Trd, 258723.433, 227
Trd, 258724.983, 222
Trd, 258725.233, 221
Trd, 258725.300, 208
Trd, 258725.483, 224
Trd, 258725.867, 215
Trd, 258726.000, 213
Trd, 258727.150, 209
Trd, 258727.250, 225
Trd, 258727.833, 222
Trd, 258728.233, 214
Trd, 258728.500, 213
Trd, 258728.667, 209
Trd, 258728.917, 196
Trd, 258728.967, 229
Trd, 258730.033, 214
Trd, 258730.083, 229
Trd, 258730.733, 207
Trd, 258730.950, 202
Trd, 258731.083, 210
Trd, 258731.550, 211
Trd, 258732.533, 213
Trd, 258732.917, 215
Trd, 258733.433, 206
Trd, 258733.817, 220
Trd, 258734.317, 222
Trd, 258734.383, 221
Trd, 258735.450, 221
Trd, 258736.333, 219
Trd, 258736.417, 223
Trd, 258737.017, 222
Trd, 258737.067, 221
Trd, 258737.083, 218
Trd, 258737.500, 221
Trd, 258738.183, 214
Trd, 258738.300, 210
Trd, 258738.850, 207
Trd, 258739.450, 215
Trd, 258740.133, 225
Trd, 258740.150, 224
Trd, 258741.117, 216
Trd, 258741.317, 221
Trd, 258742.150, 219
Trd, 258742.467, 205
Trd, 258742.817, 213
Trd, 258742.833, 218
Trd, 258742.883, 217
Trd, 258742.917, 208
Trd, 258743.567, 224
Trd, 258744.400, 216
Trd, 258745.200, 203
Trd, 258745.433, 196
Trd, 258745.683, 214
Trd, 258745.983, 216
Trd, 258746.100, 218
Trd, 258746.767, 193
Trd, 258747.083, 198
Trd, 258747.450, 188
Trd, 258748.150, 206
Trd, 258748.200, 220
Trd, 258748.567, 202
Trd, 258748.733, 205
Trd, 258749.383, 217
Trd, 258749.567, 217
Trd, 258750.300, 195
Trd, 258750.383, 191
Trd, 258750.950, 188
Trd, 258751.400, 221
Trd, 258752.000, 229
Trd, 258753.017, 220
Trd, 258753.283, 221
Trd, 258753.417, 217
Trd, 258753.783, 216
Trd, 258753.917, 217
Trd, 258754.033, 215
Trd, 258755.367, 212
Trd, 258755.617, 217
Trd, 258755.683, 220
Trd, 258755.817, 209
Trd, 258756.267, 207
Trd, 258756.500, 205
Trd, 258756.933, 215
Trd, 258757.083, 222
Trd, 258757.467, 209
Trd, 258758.167, 220
Trd, 258758.450, 217
Trd, 258758.517, 225
Trd, 258758.850, 213
Trd, 258758.933, 221
Trd, 258759.217, 229
Trd, 258759.467, 220
Trd, 258760.217, 208
Trd, 258761.200, 213
Trd, 258761.383, 206
Trd, 258761.533, 214
Trd, 258762.167, 197
Trd, 258762.533, 215
Trd, 258762.967, 217
Trd, 258763.767, 214
Trd, 258763.967, 222
Trd, 258765.150, 219
Trd, 258765.217, 221
Trd, 258765.950, 220
Trd, 258766.317, 221
Trd, 258766.483, 219
Trd, 258767.050, 205
Trd, 258767.567, 221
Trd, 258767.850, 218
Trd, 258767.883, 207
Trd, 258768.283, 214
Trd, 258768.400, 204
Trd, 258768.550, 202
Trd, 258768.767, 224
Trd, 258768.983, 201
Trd, 258769.100, 208
Trd, 258769.633, 235
Trd, 258769.900, 234
Trd, 258770.350, 196
Trd, 258772.067, 207
Trd, 258772.917, 215
Trd, 258773.267, 215
Trd, 258773.300, 201
Trd, 258773.633, 204
Trd, 258773.700, 213
Trd, 258774.000, 215
Trd, 258774.100, 189
Trd, 258774.333, 206
Trd, 258774.733, 207
Trd, 258774.867, 213
Trd, 258774.967, 218
Trd, 258775.967, 221
Trd, 258776.283, 222
Trd, 258776.483, 218
Trd, 258776.700, 217
Trd, 258776.717, 219
Trd, 258777.100, 221
Trd, 258777.333, 213
Trd, 258778.400, 207
Trd, 258779.017, 221
Trd, 258779.233, 223
Trd, 258779.250, 224
Trd, 258779.450, 224
Trd, 258780.333, 220
Trd, 258780.650, 219
Trd, 258780.800, 210
Trd, 258781.583, 206
Trd, 258782.383, 215
Trd, 258782.617, 196
Trd, 258782.633, 189
Trd, 258782.750, 216
Trd, 258783.033, 219
Trd, 258784.233, 191
Trd, 258784.283, 224
Trd, 258784.450, 213
Trd, 258785.050, 224
Trd, 258786.150, 224
Trd, 258786.567, 223
Trd, 258786.600, 221
Trd, 258786.767, 217
Trd, 258787.783, 197
Trd, 258788.067, 197
Trd, 258788.217, 201
Trd, 258788.700, 210
Trd, 258788.983, 207
Trd, 258789.067, 213
Trd, 258789.200, 201
Trd, 258789.283, 215
Trd, 258789.817, 226
Trd, 258790.183, 214
Trd, 258790.217, 229
Trd, 258791.000, 203
Trd, 258791.300, 233
Trd, 258791.567, 201
Trd, 258791.717, 224
Trd, 258792.733, 216
Trd, 258792.900, 213
Trd, 258793.250, 216
Trd, 258793.900, 217
Trd, 258794.050, 216
Trd, 258794.250, 218
Trd, 258795.450, 212
Trd, 258795.800, 205
Trd, 258796.100, 233
Trd, 258796.500, 224
Trd, 258797.183, 216
Trd, 258797.283, 221
Trd, 258797.500, 208
Trd, 258798.117, 221
Trd, 258798.850, 220
Trd, 258798.950, 217
Trd, 258799.017, 210
Trd, 258799.067, 206
Trd, 258799.617, 207
Trd, 258800.317, 214
Trd, 258800.650, 215
Trd, 258801.017, 199
Trd, 258801.200, 215
Trd, 258801.367, 196
Trd, 258801.617, 202
Trd, 258802.400, 221
Trd, 258802.667, 198
Trd, 258802.733, 221
Trd, 258802.867, 186
Trd, 258802.967, 185
Trd, 258803.000, 213
Trd, 258804.650, 201
Trd, 258804.667, 214
Trd, 258804.900, 223
Trd, 258805.150, 204
Trd, 258805.550, 193
Trd, 258805.567, 191
Trd, 258806.033, 208
Trd, 258806.617, 205
Trd, 258807.867, 201
Trd, 258808.050, 229
Trd, 258808.717, 229
Trd, 258808.850, 230
Trd, 258809.167, 215
Trd, 258810.150, 208
Trd, 258810.333, 213
Trd, 258810.383, 215
Trd, 258810.667, 217
Trd, 258811.317, 216
Trd, 258811.467, 215
Trd, 258812.150, 222
Trd, 258812.717, 220
Trd, 258812.967, 221
Trd, 258813.367, 225
Trd, 258813.750, 219
Trd, 258813.767, 228
Trd, 258814.317, 211
Trd, 258814.883, 203
Trd, 258815.733, 212
Trd, 258815.833, 205
Trd, 258816.150, 213
Trd, 258816.400, 213
Trd, 258817.883, 216
Trd, 258817.900, 214
Trd, 258818.917, 208
Trd, 258819.050, 207
Trd, 258819.600, 214
Trd, 258819.767, 216
Trd, 258820.033, 207
Trd, 258820.067, 201
Trd, 258820.233, 218
Trd, 258821.000, 221
Trd, 258821.133, 196
Trd, 258821.767, 223
Trd, 258822.017, 187
Trd, 258822.683, 204
Trd, 258822.817, 207
Trd, 258823.200, 224
Trd, 258823.517, 229
Trd, 258824.633, 216
Trd, 258825.417, 217
Trd, 258825.617, 215
Trd, 258825.650, 214
Trd, 258826.200, 220
Trd, 258826.500, 216
Trd, 258826.667, 221
Trd, 258827.450, 217
Trd, 258827.550, 221
Trd, 258828.300, 215
Trd, 258828.317, 236
Trd, 258828.750, 208
Trd, 258829.700, 221
Trd, 258829.950, 229
Trd, 258830.133, 209
Trd, 258830.233, 222
Trd, 258830.600, 223
Trd, 258830.817, 225
Trd, 258832.283, 207
Trd, 258832.317, 221
Trd, 258832.917, 217
Trd, 258833.467, 216
Trd, 258833.500, 218
Trd, 258833.750, 215
Trd, 258834.267, 212
Trd, 258834.733, 221
Trd, 258834.800, 216
Trd, 258835.700, 205
Trd, 258835.817, 212
Trd, 258836.183, 213
Trd, 258837.050, 216
Trd, 258837.333, 204
Trd, 258837.500, 194
Trd, 258838.450, 204
Trd, 258838.467, 215
Trd, 258838.750, 221
Trd, 258838.933, 221
Trd, 258839.250, 195
Trd, 258839.733, 217
Trd, 258839.933, 224
Trd, 258840.883, 224
Trd, 258841.117, 224
Trd, 258841.400, 215
Trd, 258841.650, 215
Trd, 258842.633, 221
Trd, 258843.200, 220
Trd, 258843.417, 205
Trd, 258843.567, 221
Trd, 258844.450, 214
Trd, 258844.767, 228
Trd, 258845.367, 198
Trd, 258845.983, 231
Trd, 258846.000, 232
Trd, 258846.283, 222
Trd, 258847.000, 229
Trd, 258847.950, 228
Trd, 258848.050, 220
Trd, 258848.300, 220
Trd, 258848.567, 196
Trd, 258849.017, 195
Trd, 258849.100, 223
Trd, 258849.133, 224
Trd, 258849.350, 232
Trd, 258850.100, 216
Trd, 258850.667, 214
Trd, 258851.133, 218
Trd, 258851.250, 216
Trd, 258851.433, 233
Trd, 258852.683, 231
Trd, 258852.767, 214
Trd, 258853.033, 213
Trd, 258853.083, 231
Trd, 258853.250, 221
Trd, 258853.467, 212
Trd, 258854.067, 222
Trd, 258855.033, 220
Trd, 258855.367, 219
Trd, 258855.983, 220
Trd, 258856.500, 222
Trd, 258857.167, 216
Trd, 258857.367, 222
Trd, 258857.850, 229
Trd, 258857.950, 216
Trd, 258858.500, 222
Trd, 258858.700, 221
Trd, 258858.967, 207
Trd, 258859.167, 220
Trd, 258859.233, 196
Trd, 258859.667, 226
Trd, 258859.967, 227
Trd, 258860.350, 236
Trd, 258861.000, 214
Trd, 258862.417, 210
Trd, 258863.067, 209
Trd, 258863.200, 204
Trd, 258863.217, 202
Trd, 258863.817, 217
Trd, 258864.300, 196
Trd, 258864.383, 192
Trd, 258864.967, 210
Trd, 258865.100, 193
Trd, 258865.500, 221
Trd, 258865.567, 222
Trd, 258865.600, 218
Trd, 258866.750, 210
Trd, 258867.600, 221
Trd, 258867.617, 227
Trd, 258868.133, 215
Trd, 258868.683, 223
Trd, 258868.883, 218
Trd, 258869.017, 228
Trd, 258869.767, 218
Trd, 258870.000, 219
Trd, 258870.400, 216
Trd, 258871.183, 220
Trd, 258871.300, 215
Trd, 258872.017, 214
Trd, 258873.067, 214
Trd, 258873.300, 215
Trd, 258873.400, 215
Trd, 258873.567, 222
Trd, 258873.717, 207
Trd, 258873.750, 196
Trd, 258873.767, 224
Trd, 258873.967, 229
Trd, 258874.233, 189
Trd, 258874.350, 219
Trd, 258874.550, 213
Trd, 258875.117, 224
Trd, 258876.150, 193
Trd, 258876.317, 198
Trd, 258876.850, 201
Trd, 258876.917, 205
Trd, 258877.233, 210
Trd, 258877.383, 205
Trd, 258877.950, 215
Trd, 258878.283, 222
Trd, 258878.700, 217
Trd, 258878.867, 233
Trd, 258879.100, 211
Trd, 258879.367, 225
Trd, 258879.900, 222
Trd, 258880.217, 233
Trd, 258880.350, 219
Trd, 258880.517, 207
Trd, 258880.667, 213
Trd, 258880.767, 196
Trd, 258881.250, 224
Trd, 258882.367, 196
Trd, 258883.250, 195
Trd, 258883.533, 194
Trd, 258884.400, 219
Trd, 258884.833, 213
Trd, 258885.150, 220
Trd, 258885.317, 208
Trd, 258886.067, 215
Trd, 258887.333, 224
Trd, 258888.100, 218
Trd, 258888.617, 213
Trd, 258888.667, 223
Trd, 258888.983, 216
Trd, 258889.067, 212
Trd, 258889.150, 210
Trd, 258889.550, 213
Trd, 258890.217, 222
Trd, 258890.667, 217
Trd, 258891.017, 216
Trd, 258891.150, 215
Trd, 258891.217, 214
Trd, 258891.817, 218
Trd, 258892.017, 229
Trd, 258892.583, 230
Trd, 258892.633, 207
Trd, 258893.217, 197
Trd, 258893.767, 218
Trd, 258894.350, 215
Trd, 258895.717, 213
Trd, 258895.767, 213
Trd, 258895.783, 207
Trd, 258896.250, 220
Trd, 258896.583, 202
Trd, 258897.150, 206
Trd, 258897.783, 214
Trd, 258897.900, 187
Trd, 258897.933, 189
Trd, 258898.050, 215
Trd, 258898.567, 214
Trd, 258898.717, 218
Trd, 258900.183, 223
Trd, 258900.550, 223
Trd, 258900.967, 224
Trd, 258901.000, 215
Trd, 258901.350, 206
Trd, 258901.417, 227
Trd, 258901.483, 221
Trd, 258901.550, 228
Trd, 258901.683, 198
Trd, 258902.833, 211
Trd, 258903.550, 235
Trd, 258903.800, 235
Trd, 258904.217, 215
Trd, 258904.450, 218
Trd, 258904.883, 208
Trd, 258905.867, 213
Trd, 258906.367, 217
Trd, 258906.583, 207
Trd, 258907.050, 191
Trd, 258907.083, 219
Trd, 258907.500, 203
Trd, 258907.683, 200
Trd, 258908.900, 203
Trd, 258909.367, 215
Trd, 258909.400, 196
Trd, 258909.717, 221
Trd, 258909.883, 224
Trd, 258910.633, 225
Trd, 258910.883, 234
Trd, 258911.833, 233
Trd, 258911.950, 238
Trd, 258911.967, 228
Trd, 258912.383, 226
Trd, 258912.567, 215
Trd, 258913.283, 206
Trd, 258913.833, 236
Trd, 258914.033, 217
Trd, 258914.967, 221
Trd, 258915.317, 217
Trd, 258915.667, 229
Trd, 258916.100, 221
Trd, 258916.167, 218
Trd, 258916.250, 218
Trd, 258916.833, 201
Trd, 258917.450, 221
Trd, 258918.133, 221
Trd, 258918.400, 217
Trd, 258918.967, 209
Trd, 258919.567, 205
Trd, 258920.533, 220
Trd, 258920.933, 215
Trd, 258921.050, 206
Trd, 258921.200, 222
Trd, 258921.833, 212
Trd, 258922.033, 226
Trd, 258922.533, 229
Trd, 258922.867, 208
Trd, 258923.517, 217
Trd, 258923.533, 207
Trd, 258924.083, 218
Trd, 258924.683, 226
Trd, 258924.917, 223
Trd, 258925.300, 218
Trd, 258925.600, 218
Trd, 258926.267, 219
Trd, 258926.567, 219
Trd, 258926.983, 225
Trd, 258927.550, 216
Trd, 258927.800, 216
Trd, 258927.833, 215
Trd, 258928.350, 223
Trd, 258928.550, 218
Trd, 258929.183, 224
Trd, 258929.467, 223
Trd, 258930.500, 221
Trd, 258931.250, 222
Trd, 258931.633, 219
Trd, 258931.783, 218
Trd, 258931.883, 214
Trd, 258931.967, 206
Trd, 258932.450, 202
Trd, 258933.300, 197
Trd, 258933.750, 220
Trd, 258934.650, 220
Trd, 258934.717, 219
Trd, 258936.033, 219
Trd, 258936.600, 214
Trd, 258936.883, 215
Trd, 258937.017, 219
Trd, 258937.733, 220
Trd, 258937.800, 214
Trd, 258938.250, 200
Trd, 258938.550, 215
Trd, 258938.650, 229
Trd, 258938.917, 210
Trd, 258938.967, 196
Trd, 258940.083, 221
Trd, 258940.567, 210
Trd, 258940.800, 207
Trd, 258942.233, 215
Trd, 258942.767, 211
Trd, 258942.850, 215
Trd, 258943.183, 206
Trd, 258943.367, 218
Trd, 258944.000, 211
Trd, 258944.383, 221
Trd, 258944.667, 225
Trd, 258944.717, 229
Trd, 258944.967, 205
Trd, 258945.283, 192
Trd, 258945.517, 192
Trd, 258945.900, 221
Trd, 258945.967, 225
Trd, 258946.100, 195
Trd, 258946.700, 187
Trd, 258947.000, 193
Trd, 258947.050, 207
Trd, 258947.733, 207
Trd, 258948.117, 214
Trd, 258949.100, 215
Trd, 258949.317, 199
Trd, 258949.583, 222
Trd, 258949.850, 224
Trd, 258950.000, 206
Trd, 258950.017, 206
Trd, 258950.250, 189
Trd, 258951.833, 223
Trd, 258952.333, 223
Trd, 258952.617, 220
Trd, 258953.333, 215
Trd, 258953.433, 208
Trd, 258953.600, 196
Trd, 258953.800, 197
Trd, 258954.883, 210
Trd, 258955.633, 217
Trd, 258956.067, 213
Trd, 258956.133, 220
Trd, 258956.533, 222
Trd, 258956.733, 224
Trd, 258956.750, 207
Trd, 258956.967, 208
Trd, 258957.233, 225
Trd, 258957.683, 208
Trd, 258957.700, 234
Trd, 258958.250, 208
Trd, 258959.067, 220
Trd, 258959.350, 219
Trd, 258959.433, 207
Trd, 258959.650, 222
Trd, 258959.883, 229
Trd, 258960.250, 207
Trd, 258960.667, 214
Trd, 258961.183, 206
Trd, 258961.950, 203
Trd, 258962.150, 218
Trd, 258962.533, 219
Trd, 258962.833, 198
Trd, 258962.967, 218
Trd, 258963.000, 197
Trd, 258963.783, 221
Trd, 258965.083, 221
Trd, 258965.267, 222
Trd, 258966.400, 196
Trd, 258966.583, 205
Trd, 258966.867, 207
Trd, 258967.683, 218
Trd, 258968.033, 221
Trd, 258968.200, 210
Trd, 258968.900, 187
Trd, 258969.033, 222
Trd, 258969.383, 223
Trd, 258969.467, 222
Trd, 258969.517, 221
Trd, 258969.617, 186
Trd, 258969.950, 224
Trd, 258970.383, 207
Trd, 258970.650, 234
Trd, 258971.483, 221
Trd, 258971.583, 220
Trd, 258971.833, 219
Trd, 258972.717, 208
Trd, 258972.817, 222
Trd, 258973.367, 215
Trd, 258974.233, 220
Trd, 258974.567, 216
Trd, 258974.750, 223
Trd, 258974.950, 211
Trd, 258975.400, 219
Trd, 258975.800, 196
Trd, 258976.000, 218
Trd, 258976.300, 216
Trd, 258976.417, 228
Trd, 258976.617, 193
Trd, 258976.667, 229
Trd, 258977.533, 232
Trd, 258979.067, 228
Trd, 258979.100, 226
Trd, 258979.600, 219
Trd, 258979.917, 218
Trd, 258980.217, 219
Trd, 258980.233, 221
Trd, 258980.533, 218
Trd, 258980.733, 217
Trd, 258981.417, 222
Trd, 258982.133, 228
Trd, 258982.517, 223
Trd, 258982.833, 219
Trd, 258983.417, 215
Trd, 258983.617, 226
Trd, 258984.317, 204
Trd, 258984.900, 217
Trd, 258985.083, 219
Trd, 258985.733, 216
Trd, 258986.033, 217
Trd, 258986.217, 207
Trd, 258986.350, 218
Trd, 258986.800, 213
Trd, 258987.167, 220
Trd, 258987.350, 218
Trd, 258988.267, 222
Trd, 258988.283, 215
Trd, 258988.600, 209
Trd, 258989.033, 221
Trd, 258989.983, 216
Trd, 258990.317, 201
Trd, 258990.683, 209
Trd, 258991.400, 204
Trd, 258992.167, 206
Trd, 258992.367, 198
Trd, 258993.217, 216
Trd, 258993.267, 217
Trd, 258993.300, 214
Trd, 258993.383, 213
Trd, 258994.033, 218
Trd, 258995.283, 206
Trd, 258995.617, 215
Trd, 258996.450, 215
Trd, 258996.717, 216
Trd, 258996.900, 223
Trd, 258996.917, 196
Trd, 258997.517, 193
Trd, 258997.733, 192
Trd, 258997.783, 218
Trd, 258998.233, 204
Trd, 258998.550, 219
Trd, 258998.950, 217
Trd, 258999.467, 221
Trd, 259000.133, 216
Trd, 259000.250, 215
Trd, 259000.317, 224
Trd, 259000.950, 214
Trd, 259001.217, 204
Trd, 259001.483, 215
Trd, 259001.967, 222
Trd, 259002.150, 215
Trd, 259003.450, 221
Trd, 259003.833, 221
Trd, 259004.233, 221
Trd, 259004.700, 221
Trd, 259005.367, 201
Trd, 259005.517, 223
Trd, 259006.150, 206
Trd, 259006.583, 226
Trd, 259007.100, 210
Trd, 259007.600, 226
Trd, 259008.883, 220
Trd, 259009.083, 224
Trd, 259009.600, 215
Trd, 259009.817, 210
Trd, 259010.733, 221
Trd, 259010.800, 225
Trd, 259011.217, 226
Trd, 259011.433, 223
Trd, 259012.067, 223
Trd, 259012.433, 218
Trd, 259012.467, 228
Trd, 259012.617, 228
Trd, 259012.700, 217
Trd, 259012.767, 207
Trd, 259013.550, 220
Trd, 259014.517, 218
Trd, 259014.933, 227
Trd, 259015.033, 217
Trd, 259015.333, 210
Trd, 259016.100, 216
Trd, 259016.117, 212
Trd, 259016.300, 200
Trd, 259016.667, 218
Trd, 259017.333, 207
Trd, 259018.083, 229
Trd, 259018.467, 216
Trd, 259018.733, 214
Trd, 259018.917, 221
Trd, 259019.250, 198
Trd, 259019.467, 205
Trd, 259019.883, 216
Trd, 259020.583, 221
Trd, 259020.967, 220
Trd, 259021.733, 205
Trd, 259022.833, 206
Trd, 259022.983, 203
Trd, 259023.983, 215
Trd, 259024.300, 209
Trd, 259024.650, 213
Trd, 259024.917, 214
Trd, 259025.133, 215
Trd, 259025.267, 208
Trd, 259026.083, 220
Trd, 259026.150, 225
Trd, 259026.317, 218
Trd, 259026.767, 203
Trd, 259026.833, 219
Trd, 259027.833, 218
Trd, 259027.917, 196
Trd, 259028.267, 222
Trd, 259028.317, 219
Trd, 259028.467, 197
Trd, 259028.667, 227
Trd, 259030.117, 193
Trd, 259030.500, 211
Trd, 259031.050, 222
Trd, 259031.350, 212
Trd, 259031.617, 212
Trd, 259031.983, 222
Trd, 259032.333, 214
Trd, 259032.367, 213
Trd, 259032.400, 228
Trd, 259032.783, 229
Trd, 259033.000, 189
Trd, 259033.550, 230
Trd, 259033.633, 229
Trd, 259034.550, 219
Trd, 259034.817, 234
Trd, 259035.233, 216
Trd, 259035.633, 220
Trd, 259036.017, 215
Trd, 259036.467, 239
Trd, 259036.800, 205
Trd, 259037.200, 235
Trd, 259038.533, 205
Trd, 259038.933, 205
Trd, 259039.233, 204
Trd, 259040.117, 199
Trd, 259040.267, 202
Trd, 259040.283, 207
Trd, 259040.367, 207
Trd, 259040.533, 213
Trd, 259040.817, 214
Trd, 259040.850, 215
Trd, 259041.300, 217
Trd, 259041.783, 212
Trd, 259041.900, 218
Trd, 259042.533, 221
Trd, 259042.600, 222
Trd, 259042.950, 222
Trd, 259043.950, 218
Trd, 259044.233, 219
Trd, 259044.250, 211
Trd, 259044.367, 221
Trd, 259044.750, 209
Trd, 259044.833, 204
Trd, 259045.450, 222
Trd, 259045.783, 223
Trd, 259046.283, 222
Trd, 259046.317, 223
Trd, 259046.333, 221
Trd, 259047.600, 207
Trd, 259048.150, 223
Trd, 259048.400, 213
Trd, 259048.683, 204
Trd, 259049.050, 202
Trd, 259049.317, 205
Trd, 259049.350, 201
Trd, 259050.000, 221
Trd, 259050.500, 227
Trd, 259050.633, 222
Trd, 259051.183, 221
Trd, 259051.633, 214
Trd, 259052.483, 220
Trd, 259052.583, 218
Trd, 259052.817, 206
Trd, 259054.017, 220
Trd, 259054.350, 224
Trd, 259054.383, 224
Trd, 259054.867, 209
Trd, 259055.567, 239
Trd, 259055.767, 234
Trd, 259056.383, 219
Trd, 259057.517, 225
Trd, 259057.550, 223
Trd, 259057.817, 222
Trd, 259058.467, 228
Trd, 259058.933, 221
Trd, 259059.200, 213
Trd, 259059.983, 212
Trd, 259060.733, 217
Trd, 259060.983, 206
Trd, 259061.550, 235
Trd, 259061.717, 196
Trd, 259062.050, 207
Trd, 259062.300, 190
Trd, 259062.633, 219
Trd, 259062.900, 219
Trd, 259063.233, 217
Trd, 259064.233, 226
Trd, 259064.250, 207
Trd, 259064.533, 224
Trd, 259065.100, 204
Trd, 259065.467, 215
Trd, 259065.950, 196
Trd, 259066.133, 210
Trd, 259066.267, 209
Trd, 259066.850, 195
Trd, 259067.683, 195
Trd, 259067.967, 213
Trd, 259068.733, 201
Trd, 259068.883, 206
Trd, 259069.017, 196
Trd, 259069.700, 223
Trd, 259070.100, 219
Trd, 259070.983, 220
Trd, 259072.150, 222
Trd, 259072.233, 223
Trd, 259072.800, 219
Trd, 259073.000, 216
Trd, 259073.033, 225
Trd, 259073.067, 229
Trd, 259073.100, 215
Trd, 259074.333, 232
Trd, 259074.600, 232
Trd, 259074.917, 219
Trd, 259075.467, 227
Trd, 259075.533, 218
Trd, 259075.867, 216
Trd, 259076.650, 227
Trd, 259076.717, 209
Trd, 259076.850, 207
Trd, 259077.467, 196
Trd, 259078.417, 234
Trd, 259078.467, 231
Trd, 259079.617, 234
Trd, 259079.633, 221
Trd, 259079.933, 216
Trd, 259080.167, 215
Trd, 259081.317, 218
Trd, 259081.417, 219
Trd, 259082.083, 222
Trd, 259082.317, 218
Trd, 259082.483, 213
Trd, 259082.850, 213
Trd, 259084.033, 230
Trd, 259084.200, 222
Trd, 259085.000, 226
Trd, 259085.083, 225
Trd, 259085.133, 224
Trd, 259085.317, 219
Trd, 259085.450, 231
Trd, 259085.767, 207
Trd, 259085.983, 204
Trd, 259086.017, 215
Trd, 259087.533, 233
Trd, 259087.767, 236
Trd, 259088.400, 214
Trd, 259088.433, 213
Trd, 259089.450, 197
Trd, 259090.517, 219
Trd, 259090.533, 212
Trd, 259090.700, 211
Trd, 259090.783, 209
Trd, 259091.033, 212
Trd, 259091.833, 220
Trd, 259092.833, 225
Trd, 259093.200, 211
Trd, 259093.700, 217
Trd, 259093.783, 216
Trd, 259093.967, 220
Trd, 259094.067, 213
Trd, 259094.233, 210
Trd, 259094.367, 218
Trd, 259095.367, 220
Trd, 259095.383, 212
Trd, 259095.633, 220
Trd, 259096.100, 221
Trd, 259096.383, 229
Trd, 259097.250, 205
Trd, 259097.583, 196
Trd, 259098.150, 218
Trd, 259098.683, 212
Trd, 259098.983, 220
Trd, 259099.800, 218
Trd, 259100.233, 212
Trd, 259100.783, 222
Trd, 259100.850, 208
Trd, 259101.217, 215
Trd, 259101.517, 214
Trd, 259101.550, 209
Trd, 259101.767, 208
Trd, 259101.833, 224
Trd, 259102.050, 240
Trd, 259102.117, 221
Trd, 259102.283, 206
Trd, 259102.967, 218
Trd, 259103.233, 221
Trd, 259103.367, 222
Trd, 259103.683, 216
Trd, 259104.233, 216
Trd, 259105.417, 219
Trd, 259105.533, 223
Trd, 259105.933, 224
Trd, 259106.050, 225
Trd, 259106.500, 221
Trd, 259107.933, 213
Trd, 259108.200, 211
Trd, 259108.683, 208
Trd, 259108.867, 207
Trd, 259109.100, 196
Trd, 259110.417, 220
Trd, 259110.433, 221
Trd, 259110.717, 218
Trd, 259110.917, 207
Trd, 259111.150, 202
Trd, 259111.183, 200
Trd, 259111.300, 211
Trd, 259111.600, 196
Trd, 259111.683, 221
Trd, 259112.833, 218
Trd, 259113.533, 217
Trd, 259113.650, 204
Trd, 259113.667, 196
Trd, 259113.867, 216
Trd, 259115.017, 220
Trd, 259115.433, 221
Trd, 259115.733, 219
Trd, 259116.367, 218
Trd, 259116.483, 218
Trd, 259117.283, 215
Trd, 259117.350, 214
Trd, 259117.967, 196
Trd, 259118.017, 191
Trd, 259118.850, 223
Trd, 259119.000, 219
Trd, 259119.200, 213
Trd, 259119.367, 211
Trd, 259119.800, 207
Trd, 259120.067, 197
Trd, 259120.567, 221
Trd, 259120.917, 223
Trd, 259121.917, 218
Trd, 259122.717, 220
Trd, 259122.783, 218
Trd, 259123.200, 216
Trd, 259123.700, 222
Trd, 259123.800, 224
Trd, 259123.850, 221
Trd, 259124.550, 216
Trd, 259124.867, 225
Trd, 259125.500, 222
Trd, 259125.700, 218
Trd, 259126.000, 218
Trd, 259126.150, 217
Trd, 259126.667, 214
Trd, 259127.283, 214
Trd, 259127.850, 212
Trd, 259128.883, 217
Trd, 259129.067, 205
Trd, 259129.350, 217
Trd, 259129.417, 208
Trd, 259129.583, 219
Trd, 259129.917, 221
Trd, 259130.633, 224
Trd, 259131.133, 217
Trd, 259132.133, 217
Trd, 259132.483, 224
Trd, 259132.517, 214
Trd, 259132.733, 228
Trd, 259133.317, 216
Trd, 259133.400, 207
Trd, 259134.250, 201
Trd, 259134.267, 199
Trd, 259135.300, 212
Trd, 259135.833, 211
Trd, 259136.200, 210
Trd, 259136.317, 213
Trd, 259136.350, 214
Trd, 259137.133, 206
Trd, 259137.550, 215
Trd, 259137.917, 213
Trd, 259138.433, 204
Trd, 259138.817, 219
Trd, 259139.533, 223
Trd, 259139.733, 229
Trd, 259139.900, 224
Trd, 259140.250, 227
Trd, 259140.500, 208
Trd, 259140.917, 226
Trd, 259141.283, 196
Trd, 259141.367, 190
Trd, 259141.800, 226
Trd, 259142.783, 221
Trd, 259143.283, 219
Trd, 259143.333, 217
Trd, 259143.650, 214
Trd, 259143.967, 220
Trd, 259144.250, 217
Trd, 259144.550, 216
Trd, 259145.617, 219
Trd, 259145.883, 219
Trd, 259146.333, 219
Trd, 259147.117, 220
Trd, 259148.050, 220
Trd, 259148.167, 223
Trd, 259148.850, 224
Trd, 259149.317, 235
Trd, 259149.700, 222
Trd, 259149.950, 220
Trd, 259150.100, 220
Trd, 259150.517, 212
Trd, 259150.867, 214
Trd, 259151.050, 226
Trd, 259151.133, 223
Trd, 259151.883, 218
Trd, 259152.067, 209
Trd, 259152.267, 225
Trd, 259152.317, 212
Trd, 259153.100, 196
Trd, 259153.300, 210
Trd, 259153.867, 210
Trd, 259153.883, 203
Trd, 259154.083, 229
Trd, 259154.517, 185
Trd, 259154.867, 235
Trd, 259156.317, 221
Trd, 259156.367, 220
Trd, 259156.417, 219
Trd, 259156.583, 221
Trd, 259157.817, 225
Trd, 259157.950, 215
Trd, 259158.250, 227
Trd, 259158.617, 215
Trd, 259159.217, 217
Trd, 259159.450, 215
Trd, 259159.783, 207
Trd, 259160.300, 194
Trd, 259160.617, 210
Trd, 259161.517, 221
Trd, 259161.750, 209
Trd, 259162.350, 220
Trd, 259162.433, 221
Trd, 259162.883, 228
Trd, 259163.233, 211
Trd, 259163.750, 216
Trd, 259164.300, 213
Trd, 259164.900, 213
Trd, 259165.483, 220
Trd, 259166.283, 217
Trd, 259166.650, 217
Trd, 259166.867, 215
Trd, 259167.017, 219
Trd, 259167.450, 215
Trd, 259168.017, 216
Trd, 259168.250, 220
Trd, 259168.283, 207
Trd, 259168.750, 219
Trd, 259168.850, 218
Trd, 259168.950, 201
Trd, 259169.317, 213
Trd, 259169.967, 213
Trd, 259170.767, 220
Trd, 259170.867, 221
Trd, 259171.050, 219
Trd, 259172.167, 204
Trd, 259172.800, 201
Trd, 259172.833, 213
Trd, 259172.850, 223
Trd, 259173.183, 197
Trd, 259174.317, 198
Trd, 259174.417, 196
Trd, 259174.617, 192
Trd, 259174.883, 204
Trd, 259175.850, 215
Trd, 259175.867, 218
Trd, 259176.617, 221
Trd, 259176.850, 220
Trd, 259177.350, 222
Trd, 259177.600, 234
Trd, 259178.183, 207
Trd, 259178.700, 213
Trd, 259178.983, 217
Trd, 259180.050, 224
Trd, 259180.283, 223
Trd, 259180.433, 221
Trd, 259180.900, 217
Trd, 259181.367, 215
Trd, 259181.667, 223
Trd, 259181.833, 213
Trd, 259182.600, 206
Trd, 259182.700, 205
Trd, 259183.333, 210
Trd, 259183.433, 203
Trd, 259183.833, 214
Trd, 259184.050, 217
Trd, 259184.233, 229
Trd, 259185.283, 215
Trd, 259185.583, 211
Trd, 259185.767, 215
Trd, 259186.250, 220
Trd, 259187.367, 223
Trd, 259187.383, 212
Trd, 259187.917, 209
Trd, 259188.850, 217
Trd, 259189.650, 218
Trd, 259189.917, 225
Trd, 259190.650, 218
Trd, 259191.283, 219
Trd, 259191.683, 218
Trd, 259191.900, 229
Trd, 259191.950, 214
Trd, 259191.967, 215
Trd, 259192.333, 216
Trd, 259192.833, 219
Trd, 259194.033, 220
Trd, 259195.217, 220
Trd, 259195.317, 218
Trd, 259195.567, 221
Trd, 259195.717, 214
Trd, 259195.900, 220
Trd, 259196.283, 202
Trd, 259196.917, 214
Trd, 259197.083, 202
Trd, 259197.750, 204
Trd, 259197.967, 210
Trd, 259198.050, 215
Trd, 259198.333, 226
Trd, 259198.433, 213
Trd, 259198.467, 194
Trd, 259198.733, 183
Trd, 259198.967, 196
Trd, 259199.833, 226
