Trd, 258473.617, 217
Trd, 258474.250, 223
Trd, 258474.750, 226
Trd, 258476.300, 216
Trd, 258477.050, 215
Trd, 258477.100, 214
Trd, 258477.583, 213
Trd, 258478.650, 212
Trd, 258478.933, 213
Trd, 258479.117, 214
Trd, 258479.517, 212
Trd, 258480.317, 218
Trd, 258480.367, 221
Trd, 258481.117, 211
Trd, 258481.883, 218
Trd, 258483.583, 212
Trd, 258483.900, 212
Trd, 258484.100, 213
Trd, 258484.267, 215
Trd, 258484.300, 211
Trd, 258484.683, 219
Trd, 258485.583, 215
Trd, 258486.917, 223
Trd, 258486.933, 217
Trd, 258487.000, 214
Trd, 258487.550, 227
Trd, 258488.133, 220
Trd, 258488.250, 213
Trd, 258488.767, 221
Trd, 258488.817, 212
Trd, 258489.000, 221
Trd, 258491.783, 213
Trd, 258492.633, 215
Trd, 258493.833, 217
Trd, 258494.017, 214
Trd, 258494.233, 224
Trd, 258494.383, 225
Trd, 258494.817, 218
Trd, 258495.383, 211
Trd, 258496.033, 211
Trd, 258497.383, 214
Trd, 258498.000, 211
Trd, 258498.067, 212
Trd, 258498.483, 216
Trd, 258498.917, 210
Trd, 258499.150, 208
Trd, 258499.533, 219
Trd, 258500.367, 226
Trd, 258501.167, 211
Trd, 258501.300, 209
Trd, 258501.517, 221
Trd, 258502.000, 203
Trd, 258502.300, 226
Trd, 258502.983, 199
Trd, 258503.317, 231
Trd, 258504.967, 213
Trd, 258505.483, 213
Trd, 258506.150, 213
Trd, 258506.350, 212
Trd, 258506.483, 213
Trd, 258506.950, 214
Trd, 258507.000, 216
Trd, 258508.667, 214
Trd, 258509.733, 222
Trd, 258510.500, 220
Trd, 258510.783, 220
Trd, 258511.433, 222
Trd, 258511.767, 215
Trd, 258512.283, 213
Trd, 258512.700, 212
Trd, 258512.800, 224
Trd, 258512.833, 210
Trd, 258513.217, 225
Trd, 258513.483, 205
Trd, 258514.150, 219
Trd, 258514.717, 220
Trd, 258514.950, 213
Trd, 258515.233, 226
Trd, 258515.500, 222
Trd, 258516.000, 203
Trd, 258516.017, 221
Trd, 258516.233, 202
Trd, 258517.700, 226
Trd, 258519.317, 229
Trd, 258519.900, 229
Trd, 258520.233, 230
Trd, 258520.700, 228
Trd, 258521.333, 224
Trd, 258521.450, 213
Trd, 258522.400, 213
Trd, 258522.733, 216
Trd, 258523.500, 223
Trd, 258523.667, 211
Trd, 258524.417, 218
Trd, 258524.500, 213
Trd, 258524.650, 210
Trd, 258524.800, 221
Trd, 258524.950, 220
Trd, 258526.983, 225
Trd, 258527.283, 210
Trd, 258529.000, 213
Trd, 258529.983, 218
Trd, 258530.017, 214
Trd, 258530.333, 214
Trd, 258531.350, 220
Trd, 258531.900, 214
Trd, 258531.917, 213
Trd, 258532.350, 222
Trd, 258533.450, 221
Trd, 258533.483, 214
Trd, 258533.500, 226
Trd, 258533.633, 214
Trd, 258535.600, 216
Trd, 258536.733, 207
Trd, 258537.250, 206
Trd, 258537.717, 205
Trd, 258538.933, 218
Trd, 258539.033, 217
Trd, 258539.317, 203
Trd, 258540.250, 209
Trd, 258540.567, 205
Trd, 258541.300, 219
Trd, 258542.167, 208
Trd, 258543.450, 206
Trd, 258543.600, 213
Trd, 258543.617, 205
Trd, 258544.533, 221
Trd, 258545.317, 210
Trd, 258545.467, 210
Trd, 258545.583, 209
Trd, 258546.683, 219
Trd, 258547.300, 217
Trd, 258547.633, 217
Trd, 258549.800, 221
Trd, 258549.950, 222
Trd, 258550.550, 222
Trd, 258550.867, 213
Trd, 258551.217, 215
Trd, 258551.650, 213
Trd, 258552.233, 217
Trd, 258552.283, 211
Trd, 258552.800, 211
Trd, 258553.267, 210
Trd, 258553.967, 216
Trd, 258554.567, 207
Trd, 258554.867, 207
Trd, 258555.467, 215
Trd, 258555.533, 206
Trd, 258556.333, 205
Trd, 258556.783, 211
Trd, 258557.667, 213
Trd, 258557.950, 207
Trd, 258559.083, 209
Trd, 258561.033, 215
Trd, 258561.100, 216
Trd, 258561.933, 210
Trd, 258561.983, 209
Trd, 258562.100, 204
Trd, 258563.517, 206
Trd, 258564.600, 221
Trd, 258565.567, 219
Trd, 258566.100, 219
Trd, 258566.433, 220
Trd, 258566.467, 219
Trd, 258566.700, 219
Trd, 258566.717, 221
Trd, 258567.133, 218
Trd, 258568.717, 218
Trd, 258569.750, 220
Trd, 258570.283, 219
Trd, 258570.633, 220
Trd, 258571.117, 221
Trd, 258571.533, 213
Trd, 258571.917, 213
Trd, 258571.983, 224
Trd, 258572.467, 222
Trd, 258573.000, 217
Trd, 258574.183, 220
Trd, 258574.650, 211
Trd, 258575.150, 212
Trd, 258575.567, 226
Trd, 258576.183, 220
Trd, 258576.700, 221
Trd, 258577.017, 220
Trd, 258577.317, 213
Trd, 258577.767, 212
Trd, 258578.333, 214
Trd, 258578.367, 211
Trd, 258578.433, 210
Trd, 258578.900, 215
Trd, 258579.883, 205
Trd, 258580.817, 223
Trd, 258581.800, 219
Trd, 258581.983, 220
Trd, 258582.150, 211
Trd, 258582.300, 222
Trd, 258582.583, 226
Trd, 258582.850, 229
Trd, 258582.867, 213
Trd, 258583.150, 214
Trd, 258584.467, 229
Trd, 258585.167, 215
Trd, 258586.650, 214
Trd, 258586.683, 213
Trd, 258586.900, 210
Trd, 258587.183, 199
Trd, 258587.500, 215
Trd, 258587.833, 206
Trd, 258588.483, 216
Trd, 258589.683, 216
Trd, 258591.200, 218
Trd, 258591.317, 208
Trd, 258591.567, 208
Trd, 258591.817, 205
Trd, 258592.267, 207
Trd, 258592.483, 206
Trd, 258593.017, 207
Trd, 258593.417, 206
Trd, 258594.567, 211
Trd, 258594.667, 204
Trd, 258596.433, 221
Trd, 258596.983, 207
Trd, 258597.417, 220
Trd, 258597.817, 221
Trd, 258598.100, 225
Trd, 258598.317, 222
Trd, 258598.383, 226
Trd, 258599.483, 209
Trd, 258600.600, 209
Trd, 258600.883, 209
Trd, 258601.017, 210
Trd, 258601.400, 208
Trd, 258602.067, 207
Trd, 258602.450, 212
Trd, 258602.583, 222
Trd, 258603.733, 228
Trd, 258604.083, 226
Trd, 258604.817, 216
Trd, 258604.867, 213
Trd, 258605.300, 226
Trd, 258605.600, 213
Trd, 258605.900, 211
Trd, 258608.033, 219
Trd, 258608.333, 222
Trd, 258608.400, 219
Trd, 258609.033, 223
Trd, 258609.183, 218
Trd, 258609.200, 224
Trd, 258611.283, 220
Trd, 258611.600, 218
Trd, 258612.050, 221
Trd, 258612.417, 220
Trd, 258612.733, 215
Trd, 258613.550, 219
Trd, 258613.917, 214
Trd, 258614.183, 213
Trd, 258614.683, 215
Trd, 258615.933, 215
Trd, 258616.267, 221
Trd, 258616.617, 215
Trd, 258616.767, 213
Trd, 258617.233, 213
Trd, 258617.867, 215
Trd, 258618.883, 218
Trd, 258622.233, 219
Trd, 258622.250, 217
Trd, 258622.450, 214
Trd, 258622.900, 218
Trd, 258623.317, 216
Trd, 258623.683, 215
Trd, 258624.100, 214
Trd, 258624.250, 221
Trd, 258625.033, 226
Trd, 258625.400, 216
Trd, 258626.083, 216
Trd, 258626.100, 221
Trd, 258626.233, 223
Trd, 258627.333, 225
Trd, 258627.583, 213
Trd, 258628.200, 226
Trd, 258629.183, 225
Trd, 258629.217, 224
Trd, 258629.350, 224
Trd, 258630.050, 225
Trd, 258630.567, 213
Trd, 258630.900, 214
Trd, 258630.967, 213
Trd, 258631.117, 227
Trd, 258631.250, 230
Trd, 258631.467, 213
Trd, 258632.783, 213
Trd, 258632.800, 217
Trd, 258633.067, 213
Trd, 258633.367, 222
Trd, 258633.967, 221
Trd, 258634.933, 215
Trd, 258635.217, 210
Trd, 258635.550, 218
Trd, 258636.933, 222
Trd, 258638.450, 211
Trd, 258638.617, 215
Trd, 258639.900, 212
Trd, 258640.883, 223
Trd, 258642.100, 219
Trd, 258642.283, 214
Trd, 258642.367, 213
Trd, 258642.717, 213
Trd, 258642.967, 219
Trd, 258643.467, 213
Trd, 258644.183, 211
Trd, 258644.367, 215
Trd, 258644.950, 210
Trd, 258645.033, 203
Trd, 258645.250, 220
Trd, 258647.033, 218
Trd, 258647.633, 213
Trd, 258648.083, 221
Trd, 258649.000, 217
Trd, 258650.283, 216
Trd, 258651.267, 218
Trd, 258651.683, 216
Trd, 258652.217, 219
Trd, 258653.400, 219
Trd, 258653.550, 218
Trd, 258653.817, 221
Trd, 258655.017, 218
Trd, 258656.000, 215
Trd, 258656.767, 215
Trd, 258656.833, 213
Trd, 258657.033, 216
Trd, 258657.100, 214
Trd, 258657.850, 204
Trd, 258658.200, 205
Trd, 258658.900, 221
Trd, 258659.367, 214
Trd, 258660.667, 218
Trd, 258660.800, 216
Trd, 258662.550, 221
Trd, 258663.033, 217
Trd, 258663.067, 215
Trd, 258664.317, 223
Trd, 258664.400, 224
Trd, 258664.833, 215
Trd, 258665.267, 213
Trd, 258665.533, 214
Trd, 258667.100, 216
Trd, 258667.200, 215
Trd, 258667.533, 213
Trd, 258667.717, 217
Trd, 258668.633, 221
Trd, 258668.650, 225
Trd, 258668.883, 211
Trd, 258668.967, 211
Trd, 258669.483, 214
Trd, 258670.050, 211
Trd, 258670.117, 217
Trd, 258671.617, 216
Trd, 258672.267, 216
Trd, 258673.100, 215
Trd, 258673.367, 216
Trd, 258673.933, 218
Trd, 258674.633, 217
Trd, 258674.733, 214
Trd, 258675.183, 222
Trd, 258676.183, 223
Trd, 258676.267, 216
Trd, 258676.817, 226
Trd, 258677.283, 225
Trd, 258677.733, 221
Trd, 258678.017, 220
Trd, 258679.000, 222
Trd, 258680.283, 219
Trd, 258680.683, 217
Trd, 258681.417, 218
Trd, 258681.800, 219
Trd, 258682.350, 220
Trd, 258682.433, 213
Trd, 258682.817, 221
Trd, 258682.883, 213
Trd, 258683.750, 226
Trd, 258683.967, 212
Trd, 258684.950, 223
Trd, 258684.983, 222
Trd, 258685.067, 229
Trd, 258685.317, 222
Trd, 258686.033, 223
Trd, 258686.383, 207
Trd, 258686.883, 205
Trd, 258686.933, 228
Trd, 258688.333, 212
Trd, 258689.000, 222
Trd, 258689.317, 214
Trd, 258690.500, 213
Trd, 258690.900, 215
Trd, 258691.150, 221
Trd, 258691.167, 214
Trd, 258691.983, 224
Trd, 258692.300, 214
Trd, 258694.333, 220
Trd, 258695.817, 218
Trd, 258696.117, 217
Trd, 258696.283, 216
Trd, 258696.550, 215
Trd, 258696.767, 214
Trd, 258697.200, 214
Trd, 258697.617, 221
Trd, 258697.683, 225
Trd, 258698.317, 210
Trd, 258698.917, 209
Trd, 258699.750, 210
Trd, 258700.183, 212
Trd, 258700.717, 211
Trd, 258701.250, 217
Trd, 258702.717, 216
Trd, 258703.000, 221
Trd, 258703.217, 217
Trd, 258703.233, 216
Trd, 258703.700, 211
Trd, 258703.900, 204
Trd, 258705.250, 204
Trd, 258707.800, 206
Trd, 258708.033, 205
Trd, 258708.350, 209
Trd, 258708.483, 211
Trd, 258708.533, 215
Trd, 258708.700, 216
Trd, 258710.117, 213
Trd, 258711.633, 212
Trd, 258712.050, 211
Trd, 258712.450, 217
Trd, 258712.950, 213
Trd, 258714.200, 214
Trd, 258714.533, 212
Trd, 258714.567, 210
Trd, 258714.583, 215
Trd, 258715.050, 219
Trd, 258715.217, 220
Trd, 258716.217, 212
Trd, 258717.017, 220
Trd, 258717.383, 220
Trd, 258717.450, 221
Trd, 258717.950, 221
Trd, 258719.783, 223
Trd, 258720.050, 226
Trd, 258720.200, 213
Trd, 258720.500, 222
Trd, 258720.617, 210
Trd, 258721.217, 211
Trd, 258721.817, 214
Trd, 258722.067, 211
Trd, 258722.083, 213
Trd, 258722.150, 215
Trd, 258723.467, 219
Trd, 258724.217, 222
Trd, 258725.217, 225
Trd, 258725.300, 224
Trd, 258726.983, 215
Trd, 258727.467, 216
Trd, 258727.500, 213
Trd, 258728.983, 223
Trd, 258729.567, 209
Trd, 258729.983, 209
Trd, 258730.017, 210
Trd, 258730.250, 210
Trd, 258730.500, 217
Trd, 258732.217, 221
Trd, 258732.300, 225
Trd, 258732.367, 216
Trd, 258732.383, 226
Trd, 258733.200, 219
Trd, 258733.267, 227
Trd, 258733.400, 218
Trd, 258733.567, 229
Trd, 258733.750, 219
Trd, 258733.867, 213
Trd, 258735.050, 216
Trd, 258735.867, 216
Trd, 258735.900, 221
Trd, 258736.067, 226
Trd, 258736.333, 213
Trd, 258737.350, 223
Trd, 258737.567, 221
Trd, 258737.933, 223
Trd, 258738.800, 213
Trd, 258739.367, 226
Trd, 258741.067, 214
Trd, 258741.167, 213
Trd, 258741.633, 211
Trd, 258742.350, 214
Trd, 258744.083, 219
Trd, 258744.550, 221
Trd, 258744.617, 224
Trd, 258744.867, 219
Trd, 258744.933, 217
Trd, 258746.367, 221
Trd, 258746.600, 222
Trd, 258746.633, 217
Trd, 258746.750, 217
Trd, 258747.033, 226
Trd, 258747.167, 216
Trd, 258747.400, 222
Trd, 258748.150, 222
Trd, 258749.383, 219
Trd, 258749.750, 225
Trd, 258749.767, 217
Trd, 258750.267, 213
Trd, 258750.333, 228
Trd, 258751.367, 215
Trd, 258751.900, 214
Trd, 258751.917, 213
Trd, 258753.117, 224
Trd, 258753.500, 228
Trd, 258754.483, 216
Trd, 258755.650, 221
Trd, 258755.750, 220
Trd, 258756.000, 219
Trd, 258756.067, 218
Trd, 258756.800, 213
Trd, 258757.067, 212
Trd, 258758.017, 225
Trd, 258758.233, 212
Trd, 258759.833, 219
Trd, 258759.883, 218
Trd, 258760.383, 217
Trd, 258760.900, 217
Trd, 258760.967, 216
Trd, 258761.767, 226
Trd, 258762.133, 228
Trd, 258762.183, 212
Trd, 258763.100, 210
Trd, 258763.200, 221
Trd, 258764.117, 209
Trd, 258764.983, 197
Trd, 258766.867, 216
Trd, 258767.517, 215
Trd, 258767.600, 219
Trd, 258768.067, 221
Trd, 258768.217, 217
Trd, 258768.817, 222
Trd, 258768.933, 213
Trd, 258769.050, 223
Trd, 258769.533, 212
Trd, 258770.383, 198
Trd, 258770.583, 197
Trd, 258770.750, 219
Trd, 258771.117, 201
Trd, 258771.233, 220
Trd, 258773.467, 215
Trd, 258773.733, 211
Trd, 258774.783, 222
Trd, 258775.233, 216
Trd, 258775.800, 210
Trd, 258775.933, 223
Trd, 258775.983, 224
Trd, 258776.400, 208
Trd, 258777.583, 211
Trd, 258778.450, 216
Trd, 258779.200, 217
Trd, 258779.533, 219
Trd, 258779.567, 221
Trd, 258780.233, 216
Trd, 258780.350, 222
Trd, 258781.367, 212
Trd, 258781.700, 215
Trd, 258782.233, 217
Trd, 258782.850, 218
Trd, 258783.183, 216
Trd, 258783.367, 214
Trd, 258784.633, 216
Trd, 258784.967, 222
Trd, 258784.983, 216
Trd, 258786.550, 217
Trd, 258786.783, 221
Trd, 258787.483, 217
Trd, 258787.600, 226
Trd, 258787.983, 228
Trd, 258788.000, 217
Trd, 258788.067, 210
Trd, 258788.350, 201
Trd, 258788.600, 219
Trd, 258791.083, 232
Trd, 258791.217, 242
Trd, 258791.367, 244
Trd, 258791.483, 228
Trd, 258792.100, 228
Trd, 258792.267, 238
Trd, 258792.817, 213
Trd, 258794.600, 219
Trd, 258795.433, 219
Trd, 258795.533, 220
Trd, 258795.617, 221
Trd, 258796.300, 221
Trd, 258796.567, 220
Trd, 258796.817, 219
Trd, 258798.817, 216
Trd, 258799.433, 219
Trd, 258799.650, 214
Trd, 258800.500, 215
Trd, 258801.233, 220
Trd, 258802.067, 214
Trd, 258802.400, 222
Trd, 258803.267, 216
Trd, 258805.450, 221
Trd, 258805.500, 215
Trd, 258805.533, 214
Trd, 258805.650, 215
Trd, 258805.683, 225
Trd, 258805.867, 213
Trd, 258806.250, 215
Trd, 258807.100, 226
Trd, 258807.583, 227
Trd, 258809.467, 218
Trd, 258809.950, 217
Trd, 258811.167, 214
Trd, 258811.233, 224
Trd, 258811.650, 214
Trd, 258812.300, 220
Trd, 258813.367, 214
Trd, 258813.517, 213
Trd, 258814.383, 219
Trd, 258814.667, 215
Trd, 258814.900, 222
Trd, 258815.833, 216
Trd, 258816.183, 215
Trd, 258817.517, 214
Trd, 258818.133, 217
Trd, 258818.617, 222
Trd, 258819.217, 221
Trd, 258819.417, 213
Trd, 258819.433, 212
Trd, 258819.667, 211
Trd, 258821.167, 216
Trd, 258822.417, 216
Trd, 258822.600, 215
Trd, 258822.633, 216
Trd, 258823.667, 217
Trd, 258823.917, 221
Trd, 258823.983, 217
Trd, 258824.167, 213
Trd, 258824.483, 210
Trd, 258824.800, 226
Trd, 258824.883, 210
Trd, 258825.183, 203
Trd, 258826.800, 210
Trd, 258827.217, 219
Trd, 258828.533, 217
Trd, 258828.700, 222
Trd, 258829.283, 220
Trd, 258829.450, 224
Trd, 258830.350, 212
Trd, 258830.750, 213
Trd, 258830.983, 212
Trd, 258832.200, 212
Trd, 258832.267, 219
Trd, 258832.300, 221
Trd, 258832.500, 211
Trd, 258833.783, 218
Trd, 258835.300, 219
Trd, 258835.583, 218
Trd, 258836.717, 218
Trd, 258837.617, 219
Trd, 258838.200, 213
Trd, 258838.500, 218
Trd, 258839.217, 214
Trd, 258839.717, 216
Trd, 258840.233, 213
Trd, 258840.367, 218
Trd, 258840.383, 222
Trd, 258840.550, 212
Trd, 258841.433, 223
Trd, 258841.567, 226
Trd, 258842.200, 199
Trd, 258842.517, 204
Trd, 258843.150, 205
Trd, 258844.167, 216
Trd, 258844.867, 217
Trd, 258845.083, 216
Trd, 258847.350, 218
Trd, 258847.567, 222
Trd, 258847.950, 217
Trd, 258848.817, 219
Trd, 258849.083, 219
Trd, 258849.350, 221
Trd, 258849.533, 219
Trd, 258849.617, 213
Trd, 258850.650, 213
Trd, 258851.283, 211
Trd, 258851.850, 213
Trd, 258853.167, 213
Trd, 258853.267, 215
Trd, 258853.517, 210
Trd, 258853.867, 217
Trd, 258856.267, 218
Trd, 258856.350, 217
Trd, 258856.700, 220
Trd, 258857.183, 214
Trd, 258857.217, 221
Trd, 258857.533, 221
Trd, 258857.567, 215
Trd, 258857.733, 222
Trd, 258857.767, 214
Trd, 258858.350, 214
Trd, 258859.250, 216
Trd, 258859.900, 212
Trd, 258860.600, 211
Trd, 258861.200, 213
Trd, 258861.350, 217
Trd, 258862.050, 220
Trd, 258862.983, 214
Trd, 258863.683, 215
Trd, 258864.900, 215
Trd, 258865.883, 215
Trd, 258866.317, 216
Trd, 258866.483, 219
Trd, 258866.850, 221
Trd, 258867.750, 220
Trd, 258869.150, 223
Trd, 258869.267, 223
Trd, 258869.633, 224
Trd, 258870.433, 213
Trd, 258870.550, 211
Trd, 258871.317, 221
Trd, 258871.583, 219
Trd, 258871.750, 218
Trd, 258873.000, 215
Trd, 258874.067, 222
Trd, 258874.183, 222
Trd, 258874.733, 221
Trd, 258875.200, 217
Trd, 258875.350, 224
Trd, 258877.500, 222
Trd, 258877.767, 221
Trd, 258878.567, 223
Trd, 258878.633, 217
Trd, 258879.467, 215
Trd, 258879.717, 214
Trd, 258879.917, 225
Trd, 258880.183, 214
Trd, 258880.817, 220
Trd, 258880.883, 221
Trd, 258881.433, 213
Trd, 258881.517, 226
Trd, 258882.650, 211
Trd, 258883.467, 210
Trd, 258883.950, 209
Trd, 258884.583, 217
Trd, 258886.267, 219
Trd, 258886.433, 223
Trd, 258886.633, 220
Trd, 258886.967, 211
Trd, 258887.133, 210
Trd, 258887.217, 207
Trd, 258887.400, 217
Trd, 258888.483, 222
Trd, 258888.633, 216
Trd, 258888.767, 209
Trd, 258889.350, 210
Trd, 258889.633, 209
Trd, 258890.117, 210
Trd, 258890.967, 213
Trd, 258891.250, 221
Trd, 258891.350, 225
Trd, 258891.600, 210
Trd, 258891.700, 229
Trd, 258891.833, 209
Trd, 258892.817, 221
Trd, 258894.283, 211
Trd, 258894.500, 223
Trd, 258895.467, 215
Trd, 258895.717, 213
Trd, 258897.800, 221
Trd, 258899.050, 217
Trd, 258899.250, 213
Trd, 258899.417, 215
Trd, 258899.783, 213
Trd, 258900.183, 213
Trd, 258900.717, 212
Trd, 258900.900, 222
Trd, 258901.300, 219
Trd, 258901.550, 226
Trd, 258903.400, 215
Trd, 258903.650, 217
Trd, 258904.233, 213
Trd, 258905.283, 217
Trd, 258905.333, 216
Trd, 258905.800, 214
Trd, 258905.883, 213
Trd, 258906.617, 213
Trd, 258907.017, 210
Trd, 258908.150, 219
Trd, 258908.467, 218
Trd, 258909.117, 217
Trd, 258909.683, 215
Trd, 258909.817, 214
Trd, 258910.533, 213
Trd, 258910.683, 217
Trd, 258910.833, 210
Trd, 258911.000, 217
Trd, 258911.400, 204
Trd, 258912.017, 221
Trd, 258913.233, 208
Trd, 258913.267, 208
Trd, 258913.383, 209
Trd, 258913.683, 223
Trd, 258914.267, 220
Trd, 258915.683, 205
Trd, 258916.033, 204
Trd, 258916.467, 213
Trd, 258917.133, 208
Trd, 258917.250, 209
Trd, 258917.783, 222
Trd, 258918.767, 217
Trd, 258918.917, 218
Trd, 258919.667, 223
Trd, 258920.067, 219
Trd, 258921.750, 218
Trd, 258922.183, 216
Trd, 258922.533, 221
Trd, 258923.700, 215
Trd, 258924.000, 216
Trd, 258924.400, 216
Trd, 258924.683, 213
Trd, 258924.900, 212
Trd, 258925.800, 222
Trd, 258925.933, 213
Trd, 258926.817, 220
Trd, 258926.833, 219
Trd, 258928.167, 215
Trd, 258928.233, 221
Trd, 258928.583, 219
Trd, 258929.000, 222
Trd, 258929.767, 223
Trd, 258929.950, 223
Trd, 258930.350, 222
Trd, 258930.867, 228
Trd, 258930.950, 231
Trd, 258931.483, 228
Trd, 258931.817, 216
Trd, 258931.867, 213
Trd, 258932.050, 213
Trd, 258932.533, 212
Trd, 258934.200, 212
Trd, 258934.233, 211
Trd, 258934.867, 210
Trd, 258935.783, 214
Trd, 258936.050, 213
Trd, 258936.400, 213
Trd, 258936.600, 220
Trd, 258936.783, 221
Trd, 258937.367, 212
Trd, 258937.517, 210
Trd, 258939.367, 208
Trd, 258940.583, 212
Trd, 258941.183, 213
Trd, 258941.383, 222
Trd, 258941.783, 210
Trd, 258941.883, 210
Trd, 258943.800, 222
Trd, 258944.217, 213
Trd, 258944.283, 212
Trd, 258944.750, 216
Trd, 258945.817, 210
Trd, 258945.883, 209
Trd, 258946.350, 224
Trd, 258946.867, 226
Trd, 258946.967, 228
Trd, 258947.600, 213
Trd, 258948.250, 213
Trd, 258948.350, 214
Trd, 258948.417, 211
Trd, 258948.817, 210
Trd, 258951.083, 208
Trd, 258951.850, 215
Trd, 258953.000, 216
Trd, 258953.067, 219
Trd, 258954.233, 214
Trd, 258954.517, 215
Trd, 258954.767, 221
Trd, 258955.100, 213
Trd, 258955.117, 221
Trd, 258955.800, 214
Trd, 258957.000, 222
Trd, 258957.150, 221
Trd, 258957.800, 224
Trd, 258958.183, 222
Trd, 258958.367, 215
Trd, 258959.233, 214
Trd, 258959.650, 213
Trd, 258959.700, 219
Trd, 258959.950, 221
Trd, 258960.217, 210
Trd, 258960.467, 209
Trd, 258962.250, 207
Trd, 258962.567, 206
Trd, 258962.683, 223
Trd, 258963.283, 221
Trd, 258963.450, 223
Trd, 258964.267, 207
Trd, 258964.667, 221
Trd, 258964.950, 207
Trd, 258964.983, 206
Trd, 258965.050, 215
Trd, 258966.100, 223
Trd, 258967.483, 219
Trd, 258967.800, 220
Trd, 258968.383, 218
Trd, 258968.467, 220
Trd, 258968.550, 222
Trd, 258968.600, 213
Trd, 258969.333, 212
Trd, 258969.717, 211
Trd, 258969.733, 210
Trd, 258970.683, 206
Trd, 258971.700, 222
Trd, 258973.100, 215
Trd, 258973.350, 214
Trd, 258973.717, 218
Trd, 258974.283, 225
Trd, 258974.350, 221
Trd, 258974.600, 213
Trd, 258974.767, 213
Trd, 258974.983, 210
Trd, 258976.650, 221
Trd, 258976.900, 225
Trd, 258977.783, 214
Trd, 258978.167, 214
Trd, 258978.300, 213
Trd, 258978.700, 209
Trd, 258979.267, 210
Trd, 258980.133, 218
Trd, 258980.583, 207
Trd, 258980.850, 203
Trd, 258982.367, 204
Trd, 258983.567, 209
Trd, 258983.667, 204
Trd, 258984.117, 203
Trd, 258985.117, 216
Trd, 258985.133, 217
Trd, 258985.533, 222
Trd, 258986.467, 215
Trd, 258986.850, 215
Trd, 258986.883, 213
Trd, 258987.433, 210
Trd, 258987.667, 221
Trd, 258987.950, 210
Trd, 258988.850, 209
Trd, 258989.233, 203
Trd, 258989.300, 221
Trd, 258989.550, 223
Trd, 258990.867, 214
Trd, 258991.117, 221
Trd, 258992.000, 207
Trd, 258992.067, 208
Trd, 258992.350, 208
Trd, 258993.567, 209
Trd, 258994.150, 221
Trd, 258994.333, 209
Trd, 258994.750, 215
Trd, 258997.350, 217
Trd, 258998.150, 217
Trd, 258998.250, 226
Trd, 258998.500, 216
Trd, 258999.000, 229
Trd, 258999.367, 228
Trd, 258999.483, 231
Trd, 258999.900, 210
Trd, 259000.200, 222
Trd, 259001.117, 220
Trd, 259001.950, 209
Trd, 259002.450, 211
Trd, 259002.900, 213
Trd, 259003.967, 216
Trd, 259004.383, 215
Trd, 259004.433, 228
Trd, 259004.533, 226
Trd, 259004.950, 212
Trd, 259005.083, 210
Trd, 259005.200, 225
Trd, 259005.633, 227
Trd, 259005.967, 227
Trd, 259006.083, 229
Trd, 259007.700, 218
Trd, 259008.817, 216
Trd, 259009.533, 216
Trd, 259009.833, 218
Trd, 259010.133, 225
Trd, 259010.317, 213
Trd, 259010.383, 210
Trd, 259011.300, 210
Trd, 259011.417, 200
Trd, 259013.833, 208
Trd, 259014.000, 209
Trd, 259014.300, 208
Trd, 259015.250, 211
Trd, 259015.783, 216
Trd, 259016.267, 217
Trd, 259017.633, 215
Trd, 259017.817, 213
Trd, 259018.317, 217
Trd, 259019.217, 214
Trd, 259019.867, 218
Trd, 259020.050, 219
Trd, 259020.150, 217
Trd, 259020.567, 216
Trd, 259020.750, 213
Trd, 259021.783, 219
Trd, 259022.067, 216
Trd, 259022.200, 215
Trd, 259022.317, 213
Trd, 259023.117, 215
Trd, 259024.317, 212
Trd, 259024.950, 215
Trd, 259025.350, 217
Trd, 259025.817, 211
Trd, 259026.433, 210
Trd, 259027.250, 213
Trd, 259028.500, 215
Trd, 259030.100, 215
Trd, 259030.267, 216
Trd, 259030.600, 216
Trd, 259030.717, 214
Trd, 259030.817, 221
Trd, 259031.467, 221
Trd, 259031.533, 213
Trd, 259032.167, 219
Trd, 259032.300, 216
Trd, 259032.400, 214
Trd, 259033.500, 225
Trd, 259034.200, 224
Trd, 259034.317, 220
Trd, 259035.217, 220
Trd, 259035.667, 217
Trd, 259036.050, 217
Trd, 259036.383, 218
Trd, 259036.800, 214
Trd, 259037.117, 213
Trd, 259037.717, 217
Trd, 259038.483, 213
Trd, 259038.633, 212
Trd, 259038.767, 212
Trd, 259038.800, 221
Trd, 259039.083, 226
Trd, 259039.650, 229
Trd, 259040.717, 215
Trd, 259041.150, 212
Trd, 259041.500, 211
Trd, 259042.117, 223
Trd, 259042.383, 223
Trd, 259043.100, 226
Trd, 259043.850, 216
Trd, 259044.317, 215
Trd, 259044.850, 215
Trd, 259044.883, 213
Trd, 259044.900, 213
Trd, 259045.400, 211
Trd, 259046.133, 214
Trd, 259046.650, 213
Trd, 259046.950, 218
Trd, 259047.017, 213
Trd, 259047.900, 210
Trd, 259048.017, 218
Trd, 259048.550, 211
Trd, 259048.583, 221
Trd, 259050.283, 224
Trd, 259050.767, 215
Trd, 259050.967, 226
Trd, 259052.500, 222
Trd, 259052.833, 221
Trd, 259053.550, 225
Trd, 259053.800, 215
Trd, 259054.433, 214
Trd, 259054.767, 213
Trd, 259055.217, 225
Trd, 259055.350, 219
Trd, 259057.917, 222
Trd, 259058.183, 223
Trd, 259058.283, 225
Trd, 259058.400, 226
Trd, 259058.800, 216
Trd, 259059.300, 215
Trd, 259059.500, 213
Trd, 259059.800, 214
Trd, 259060.833, 224
Trd, 259061.167, 213
Trd, 259061.600, 211
Trd, 259062.700, 221
Trd, 259063.733, 215
Trd, 259064.250, 214
Trd, 259064.667, 216
Trd, 259064.817, 222
Trd, 259064.967, 215
Trd, 259066.083, 232
Trd, 259066.200, 219
Trd, 259066.383, 223
Trd, 259066.850, 217
Trd, 259067.817, 226
Trd, 259067.917, 213
Trd, 259068.450, 229
Trd, 259069.033, 213
Trd, 259069.867, 229
Trd, 259070.233, 212
Trd, 259071.033, 216
Trd, 259071.133, 215
Trd, 259071.533, 221
Trd, 259072.500, 217
Trd, 259072.700, 218
Trd, 259073.050, 221
Trd, 259073.300, 221
Trd, 259073.517, 217
Trd, 259073.750, 226
Trd, 259073.900, 216
Trd, 259074.083, 213
Trd, 259074.933, 214
Trd, 259075.567, 214
Trd, 259075.700, 213
Trd, 259076.167, 210
Trd, 259076.933, 202
Trd, 259077.900, 214
Trd, 259078.050, 214
Trd, 259078.733, 205
Trd, 259079.533, 213
Trd, 259080.633, 213
Trd, 259081.650, 218
Trd, 259081.717, 225
Trd, 259082.217, 217
Trd, 259082.700, 214
Trd, 259083.567, 231
Trd, 259083.833, 224
Trd, 259084.400, 239
Trd, 259084.683, 234
Trd, 259084.767, 226
Trd, 259085.300, 237
Trd, 259085.550, 225
Trd, 259086.383, 223
Trd, 259087.750, 221
Trd, 259088.467, 218
Trd, 259089.517, 220
Trd, 259089.567, 219
Trd, 259089.950, 220
Trd, 259090.767, 226
Trd, 259090.900, 226
Trd, 259091.067, 213
Trd, 259091.150, 202
Trd, 259091.900, 210
Trd, 259092.967, 209
Trd, 259093.567, 217
Trd, 259093.933, 205
Trd, 259093.950, 203
Trd, 259094.217, 201
Trd, 259095.167, 221
Trd, 259098.200, 210
Trd, 259098.217, 209
Trd, 259098.933, 214
Trd, 259099.133, 213
Trd, 259099.550, 213
Trd, 259099.817, 214
Trd, 259100.650, 222
Trd, 259101.917, 217
Trd, 259102.033, 222
Trd, 259103.000, 217
Trd, 259103.150, 216
Trd, 259103.917, 214
Trd, 259104.567, 213
Trd, 259105.083, 208
Trd, 259105.517, 206
Trd, 259105.950, 215
Trd, 259106.183, 216
Trd, 259106.617, 210
Trd, 259106.883, 211
Trd, 259107.050, 212
Trd, 259107.467, 217
Trd, 259107.783, 212
Trd, 259108.150, 212
Trd, 259108.567, 213
Trd, 259110.433, 212
Trd, 259110.550, 217
Trd, 259112.233, 216
Trd, 259112.300, 217
Trd, 259112.533, 216
Trd, 259113.017, 218
Trd, 259113.300, 216
Trd, 259113.500, 218
Trd, 259113.717, 220
Trd, 259114.100, 215
Trd, 259114.250, 214
Trd, 259114.533, 213
Trd, 259114.850, 220
Trd, 259115.483, 225
Trd, 259116.833, 220
Trd, 259117.483, 219
Trd, 259117.867, 219
Trd, 259117.900, 221
Trd, 259118.400, 218
Trd, 259118.550, 225
Trd, 259118.850, 218
Trd, 259119.500, 214
Trd, 259119.767, 213
Trd, 259120.117, 218
Trd, 259122.117, 214
Trd, 259122.183, 213
Trd, 259122.283, 210
Trd, 259123.283, 221
Trd, 259124.633, 222
Trd, 259124.850, 221
Trd, 259125.517, 213
Trd, 259126.883, 219
Trd, 259127.100, 219
Trd, 259127.133, 220
Trd, 259127.667, 219
Trd, 259127.717, 213
Trd, 259128.933, 213
Trd, 259129.217, 213
Trd, 259129.383, 215
Trd, 259130.150, 214
Trd, 259130.750, 220
Trd, 259130.950, 213
Trd, 259131.567, 212
Trd, 259131.783, 220
Trd, 259132.900, 210
Trd, 259134.100, 213
Trd, 259134.217, 219
Trd, 259135.583, 210
Trd, 259135.933, 209
Trd, 259136.500, 211
Trd, 259136.683, 226
Trd, 259136.900, 230
Trd, 259137.117, 213
Trd, 259137.367, 212
Trd, 259137.617, 211
Trd, 259138.500, 224
Trd, 259139.100, 206
Trd, 259139.183, 205
Trd, 259140.433, 212
Trd, 259141.033, 214
Trd, 259141.050, 215
Trd, 259142.150, 213
Trd, 259142.817, 214
Trd, 259143.000, 219
Trd, 259143.167, 223
Trd, 259144.633, 213
Trd, 259144.667, 221
Trd, 259145.550, 213
Trd, 259146.100, 220
Trd, 259146.650, 215
Trd, 259147.367, 218
Trd, 259147.733, 215
Trd, 259147.800, 213
Trd, 259149.167, 215
Trd, 259149.433, 215
Trd, 259149.700, 214
Trd, 259149.817, 210
Trd, 259149.917, 220
Trd, 259150.583, 205
Trd, 259152.400, 215
Trd, 259152.733, 221
Trd, 259153.933, 221
Trd, 259154.250, 215
Trd, 259154.317, 213
Trd, 259154.400, 221
Trd, 259154.433, 219
Trd, 259155.417, 217
Trd, 259155.450, 214
Trd, 259155.717, 214
Trd, 259155.967, 216
Trd, 259156.650, 213
Trd, 259157.200, 214
Trd, 259158.100, 208
Trd, 259158.250, 214
Trd, 259158.333, 212
Trd, 259160.983, 213
Trd, 259161.000, 221
Trd, 259161.517, 216
Trd, 259161.550, 223
Trd, 259163.617, 216
Trd, 259163.983, 223
Trd, 259164.283, 213
Trd, 259164.900, 214
Trd, 259166.617, 205
Trd, 259166.750, 225
Trd, 259167.667, 213
Trd, 259167.983, 207
Trd, 259168.433, 222
Trd, 259168.983, 205
Trd, 259169.933, 219
Trd, 259170.383, 222
Trd, 259170.550, 215
Trd, 259171.000, 211
Trd, 259171.150, 213
Trd, 259171.367, 210
Trd, 259171.417, 225
Trd, 259173.300, 216
Trd, 259173.317, 210
Trd, 259173.850, 223
Trd, 259174.650, 222
Trd, 259175.033, 219
Trd, 259175.950, 228
Trd, 259176.117, 227
Trd, 259176.500, 227
Trd, 259176.817, 227
Trd, 259177.717, 213
Trd, 259178.950, 215
Trd, 259179.000, 219
Trd, 259180.817, 213
Trd, 259180.850, 218
Trd, 259181.200, 211
Trd, 259182.733, 221
Trd, 259183.233, 212
Trd, 259183.783, 220
Trd, 259185.000, 220
Trd, 259185.150, 215
Trd, 259186.317, 213
Trd, 259186.333, 216
Trd, 259186.433, 212
Trd, 259186.600, 211
Trd, 259186.883, 210
Trd, 259187.717, 223
Trd, 259188.117, 226
Trd, 259188.667, 218
Trd, 259188.817, 214
Trd, 259189.400, 226
Trd, 259189.467, 225
Trd, 259190.050, 206
Trd, 259190.467, 219
Trd, 259191.400, 210
Trd, 259192.483, 220
Trd, 259192.800, 210
Trd, 259192.917, 206
Trd, 259193.217, 205
Trd, 259193.283, 221
Trd, 259194.650, 222
Trd, 259194.700, 207
Trd, 259195.000, 221
Trd, 259196.633, 215
Trd, 259197.267, 218
Trd, 259197.600, 217
Trd, 259197.800, 215
Trd, 259198.600, 207
Trd, 259199.050, 214
Trd, 259199.300, 224
