Trd, 863285.634, 104
Trd, 863286.068, 107
Trd, 863286.434, 98
Trd, 863286.534, 93
Trd, 863287.068, 100
Trd, 863288.784, 107
Trd, 863288.818, 109
Trd, 863290.134, 94
Trd, 863291.151, 95
Trd, 863291.218, 94
Trd, 863291.501, 103
Trd, 863291.568, 106
Trd, 863291.651, 107
Trd, 863291.884, 99
Trd, 863292.068, 95
Trd, 863292.551, 100
Trd, 863293.034, 101
Trd, 863293.568, 102
Trd, 863294.901, 110
Trd, 863294.951, 112
Trd, 863295.151, 122
Trd, 863296.518, 96
Trd, 863296.568, 95
Trd, 863296.984, 110
Trd, 863297.684, 109
Trd, 863298.001, 107
Trd, 863299.684, 105
Trd, 863299.818, 104
Trd, 863299.884, 108
Trd, 863300.151, 104
Trd, 863300.584, 94
Trd, 863301.518, 100
Trd, 863302.284, 109
Trd, 863303.118, 94
Trd, 863303.351, 93
Trd, 863304.418, 94
Trd, 863304.434, 90
Trd, 863305.068, 97
Trd, 863305.118, 98
Trd, 863305.268, 85
Trd, 863305.718, 105
Trd, 863305.818, 103
Trd, 863306.501, 111
Trd, 863306.534, 97
Trd, 863307.234, 86
Trd, 863307.734, 85
Trd, 863310.284, 107
Trd, 863310.718, 112
Trd, 863310.918, 106
Trd, 863311.384, 104
Trd, 863311.834, 100
Trd, 863312.034, 94
Trd, 863312.551, 105
Trd, 863312.718, 92
Trd, 863312.868, 85
Trd, 863313.201, 93
Trd, 863313.551, 106
Trd, 863313.984, 88
Trd, 863314.034, 109
Trd, 863314.618, 110
Trd, 863314.934, 112
Trd, 863315.301, 123
Trd, 863315.651, 109
Trd, 863315.768, 91
Trd, 863315.818, 85
Trd, 863316.934, 106
Trd, 863317.068, 105
Trd, 863317.251, 108
Trd, 863318.551, 95
Trd, 863318.568, 88
Trd, 863319.268, 106
Trd, 863319.818, 104
Trd, 863320.818, 93
Trd, 863320.868, 108
Trd, 863320.951, 90
Trd, 863320.968, 111
Trd, 863321.534, 92
Trd, 863322.084, 100
Trd, 863322.118, 95
Trd, 863322.201, 103
Trd, 863322.701, 103
Trd, 863323.068, 103
Trd, 863323.668, 105
Trd, 863325.251, 98
Trd, 863325.718, 97
Trd, 863326.351, 89
Trd, 863326.634, 105
Trd, 863328.168, 105
Trd, 863328.268, 104
Trd, 863328.468, 104
Trd, 863328.868, 106
Trd, 863330.234, 100
Trd, 863331.701, 109
Trd, 863331.751, 99
Trd, 863332.068, 103
Trd, 863332.718, 95
Trd, 863333.268, 99
Trd, 863333.518, 110
Trd, 863334.051, 99
Trd, 863334.201, 111
Trd, 863334.684, 95
Trd, 863335.334, 106
Trd, 863335.434, 93
Trd, 863335.901, 100
Trd, 863336.618, 101
Trd, 863337.618, 95
Trd, 863337.784, 94
Trd, 863337.851, 107
Trd, 863338.401, 108
Trd, 863338.434, 94
Trd, 863340.934, 111
Trd, 863341.351, 99
Trd, 863341.368, 95
Trd, 863341.834, 98
Trd, 863342.584, 86
Trd, 863342.784, 85
Trd, 863343.351, 99
Trd, 863343.634, 106
Trd, 863344.351, 107
Trd, 863344.384, 110
Trd, 863344.584, 104
Trd, 863345.434, 104
Trd, 863345.868, 111
Trd, 863346.168, 112
Trd, 863346.434, 111
Trd, 863346.668, 93
Trd, 863347.451, 85
Trd, 863347.468, 119
Trd, 863347.851, 84
Trd, 863349.918, 101
Trd, 863350.234, 101
Trd, 863350.784, 117
Trd, 863351.001, 118
Trd, 863351.118, 120
Trd, 863351.234, 98
Trd, 863351.334, 123
Trd, 863351.801, 97
Trd, 863353.201, 102
Trd, 863353.518, 110
Trd, 863353.534, 95
Trd, 863354.018, 94
Trd, 863355.101, 93
Trd, 863355.234, 103
Trd, 863356.301, 106
Trd, 863356.901, 101
Trd, 863356.984, 100
Trd, 863358.234, 90
Trd, 863358.401, 107
Trd, 863358.468, 86
Trd, 863358.701, 108
Trd, 863360.151, 103
Trd, 863361.001, 109
Trd, 863361.101, 102
Trd, 863361.968, 101
Trd, 863361.984, 95
Trd, 863362.384, 106
Trd, 863362.568, 103
Trd, 863362.684, 108
Trd, 863363.018, 101
Trd, 863363.418, 96
Trd, 863364.168, 93
Trd, 863364.401, 106
Trd, 863364.601, 90
Trd, 863365.401, 89
Trd, 863366.018, 109
Trd, 863366.501, 110
Trd, 863366.601, 95
Trd, 863367.284, 98
Trd, 863367.518, 103
Trd, 863368.501, 94
Trd, 863369.001, 94
Trd, 863370.584, 103
Trd, 863370.851, 109
Trd, 863371.351, 111
Trd, 863371.534, 104
Trd, 863371.951, 112
Trd, 863372.918, 112
Trd, 863373.201, 103
Trd, 863373.351, 112
Trd, 863373.468, 100
Trd, 863374.718, 100
Trd, 863375.684, 109
Trd, 863375.718, 95
Trd, 863376.001, 112
Trd, 863376.401, 104
Trd, 863376.918, 110
Trd, 863377.584, 110
Trd, 863377.768, 109
Trd, 863378.784, 109
Trd, 863379.234, 94
Trd, 863379.534, 98
Trd, 863379.851, 100
Trd, 863380.068, 93
Trd, 863380.201, 102
Trd, 863380.284, 93
Trd, 863380.651, 105
Trd, 863382.251, 95
Trd, 863382.768, 84
Trd, 863382.968, 102
Trd, 863383.034, 106
Trd, 863384.184, 94
Trd, 863384.834, 95
Trd, 863385.468, 91
Trd, 863385.934, 106
Trd, 863386.701, 95
Trd, 863386.951, 101
Trd, 863387.501, 104
Trd, 863388.051, 100
Trd, 863389.268, 101
Trd, 863389.684, 105
Trd, 863389.701, 109
Trd, 863390.368, 112
Trd, 863390.618, 115
Trd, 863390.851, 98
Trd, 863391.901, 123
Trd, 863392.501, 96
Trd, 863393.134, 95
Trd, 863393.451, 90
Trd, 863393.551, 87
Trd, 863393.868, 96
Trd, 863395.734, 103
Trd, 863396.101, 103
Trd, 863396.501, 102
Trd, 863396.684, 102
Trd, 863397.518, 106
Trd, 863397.534, 123
Trd, 863398.501, 107
Trd, 863398.834, 105
Trd, 863399.334, 106
Trd, 863399.551, 99
Trd, 863399.651, 101
Trd, 863400.518, 95
Trd, 863400.734, 93
Trd, 863400.818, 98
Trd, 863401.084, 100
Trd, 863401.218, 101
Trd, 863401.818, 106
Trd, 863402.551, 112
Trd, 863402.618, 94
Trd, 863402.784, 90
Trd, 863403.384, 94
Trd, 863404.284, 92
Trd, 863406.201, 102
Trd, 863406.818, 96
Trd, 863406.884, 92
Trd, 863406.901, 89
Trd, 863407.018, 88
Trd, 863407.734, 105
Trd, 863408.534, 98
Trd, 863408.701, 106
Trd, 863410.051, 110
Trd, 863410.334, 109
Trd, 863410.684, 96
Trd, 863410.818, 96
Trd, 863411.334, 94
Trd, 863411.484, 94
Trd, 863411.651, 112
Trd, 863413.318, 103
Trd, 863413.418, 109
Trd, 863413.734, 121
Trd, 863414.201, 109
Trd, 863414.468, 96
Trd, 863414.518, 95
Trd, 863415.068, 90
Trd, 863415.568, 112
Trd, 863417.101, 109
Trd, 863417.251, 112
Trd, 863417.768, 110
Trd, 863418.118, 115
Trd, 863418.534, 95
Trd, 863418.868, 112
Trd, 863419.334, 93
Trd, 863420.834, 114
Trd, 863421.151, 114
Trd, 863421.884, 98
Trd, 863422.034, 89
Trd, 863422.434, 104
Trd, 863422.684, 112
Trd, 863422.784, 88
Trd, 863423.034, 112
Trd, 863423.401, 98
Trd, 863424.251, 105
Trd, 863424.868, 111
Trd, 863425.168, 112
Trd, 863425.701, 112
Trd, 863425.868, 104
Trd, 863426.051, 95
Trd, 863426.134, 94
Trd, 863427.284, 93
Trd, 863427.601, 102
Trd, 863427.734, 85
Trd, 863428.784, 101
Trd, 863429.984, 105
Trd, 863430.518, 103
Trd, 863430.651, 95
Trd, 863430.784, 101
Trd, 863431.668, 94
Trd, 863431.684, 93
Trd, 863432.068, 84
Trd, 863432.318, 91
Trd, 863432.401, 99
Trd, 863432.851, 84
Trd, 863433.251, 105
Trd, 863433.334, 106
Trd, 863433.818, 101
Trd, 863434.551, 95
Trd, 863435.818, 106
Trd, 863436.201, 104
Trd, 863436.334, 107
Trd, 863436.918, 98
Trd, 863437.451, 98
Trd, 863437.501, 94
Trd, 863437.551, 108
Trd, 863437.901, 112
Trd, 863439.201, 108
Trd, 863440.984, 95
Trd, 863441.084, 107
Trd, 863442.501, 105
Trd, 863442.751, 105
Trd, 863442.851, 104
Trd, 863442.884, 100
Trd, 863442.934, 106
Trd, 863443.451, 109
Trd, 863443.834, 103
Trd, 863443.951, 118
Trd, 863444.718, 96
Trd, 863445.268, 95
Trd, 863447.234, 117
Trd, 863447.251, 119
Trd, 863447.268, 115
Trd, 863447.668, 99
Trd, 863447.934, 95
Trd, 863448.318, 114
Trd, 863448.501, 85
Trd, 863448.834, 94
Trd, 863448.968, 103
Trd, 863450.784, 110
Trd, 863451.501, 113
Trd, 863452.384, 105
Trd, 863452.518, 116
Trd, 863452.718, 117
Trd, 863452.734, 118
Trd, 863452.951, 103
Trd, 863454.084, 100
Trd, 863454.251, 101
Trd, 863455.584, 97
Trd, 863456.118, 109
Trd, 863456.368, 108
Trd, 863456.734, 104
Trd, 863457.334, 109
Trd, 863457.618, 111
Trd, 863458.184, 109
Trd, 863458.768, 112
Trd, 863458.834, 120
Trd, 863459.301, 100
Trd, 863459.768, 97
Trd, 863460.268, 114
Trd, 863460.451, 96
Trd, 863460.884, 119
Trd, 863461.634, 112
Trd, 863461.801, 117
Trd, 863462.468, 105
Trd, 863464.034, 111
Trd, 863465.551, 100
Trd, 863466.134, 104
Trd, 863467.384, 102
Trd, 863467.518, 101
Trd, 863468.868, 103
Trd, 863468.918, 105
Trd, 863469.018, 96
Trd, 863469.468, 95
Trd, 863470.318, 94
Trd, 863471.934, 102
Trd, 863472.301, 95
Trd, 863473.001, 108
Trd, 863473.118, 107
Trd, 863473.651, 94
Trd, 863474.184, 108
Trd, 863475.368, 109
Trd, 863475.818, 108
Trd, 863476.584, 101
Trd, 863477.451, 103
Trd, 863477.718, 96
Trd, 863478.101, 103
Trd, 863478.351, 108
Trd, 863478.451, 93
Trd, 863479.568, 101
Trd, 863479.618, 101
Trd, 863480.134, 99
Trd, 863480.301, 103
Trd, 863480.351, 112
Trd, 863481.034, 94
Trd, 863481.418, 112
Trd, 863481.518, 122
Trd, 863481.534, 103
Trd, 863481.951, 99
Trd, 863482.518, 93
Trd, 863482.951, 111
Trd, 863483.668, 90
Trd, 863484.701, 100
Trd, 863485.068, 94
Trd, 863485.484, 93
Trd, 863486.601, 91
Trd, 863486.618, 90
Trd, 863486.784, 107
Trd, 863487.234, 104
Trd, 863487.268, 111
Trd, 863488.001, 106
Trd, 863488.718, 105
Trd, 863488.834, 111
Trd, 863490.084, 120
Trd, 863491.151, 107
Trd, 863491.201, 104
Trd, 863491.901, 108
Trd, 863492.001, 109
Trd, 863492.101, 103
Trd, 863492.151, 95
Trd, 863493.001, 111
Trd, 863493.318, 93
Trd, 863494.418, 102
Trd, 863494.734, 88
Trd, 863495.134, 108
Trd, 863495.268, 112
Trd, 863497.234, 103
Trd, 863497.651, 105
Trd, 863498.134, 101
Trd, 863498.568, 104
Trd, 863498.818, 101
Trd, 863499.468, 95
Trd, 863499.484, 107
Trd, 863500.384, 108
Trd, 863501.184, 104
Trd, 863501.584, 109
Trd, 863501.601, 105
Trd, 863502.268, 112
Trd, 863503.818, 114
Trd, 863503.868, 104
Trd, 863503.918, 95
Trd, 863503.934, 122
Trd, 863504.918, 108
Trd, 863504.951, 111
Trd, 863505.351, 97
Trd, 863505.451, 109
Trd, 863505.684, 96
Trd, 863505.884, 97
Trd, 863506.001, 101
Trd, 863507.218, 102
Trd, 863507.484, 103
Trd, 863507.851, 95
Trd, 863507.934, 93
Trd, 863509.784, 106
Trd, 863510.268, 97
Trd, 863510.551, 96
Trd, 863511.634, 99
Trd, 863511.784, 97
Trd, 863512.334, 99
Trd, 863513.134, 98
Trd, 863513.268, 93
Trd, 863513.318, 102
Trd, 863513.401, 102
Trd, 863514.918, 95
Trd, 863515.101, 105
Trd, 863515.234, 112
Trd, 863515.318, 94
Trd, 863515.651, 90
Trd, 863516.168, 100
Trd, 863517.501, 96
Trd, 863517.551, 95
Trd, 863517.868, 110
Trd, 863518.101, 111
Trd, 863518.251, 112
Trd, 863518.484, 114
Trd, 863519.068, 98
Trd, 863520.101, 96
Trd, 863520.351, 99
Trd, 863521.434, 120
Trd, 863522.201, 92
Trd, 863522.768, 107
Trd, 863522.951, 93
Trd, 863524.918, 107
Trd, 863525.001, 97
Trd, 863525.568, 102
Trd, 863526.601, 111
Trd, 863527.584, 104
Trd, 863527.734, 101
Trd, 863527.901, 109
Trd, 863528.118, 110
Trd, 863528.301, 111
Trd, 863529.451, 97
Trd, 863529.651, 97
Trd, 863529.784, 115
Trd, 863530.068, 93
Trd, 863530.151, 89
Trd, 863530.401, 116
Trd, 863531.351, 105
Trd, 863531.434, 109
Trd, 863532.568, 95
Trd, 863533.018, 93
Trd, 863533.918, 100
Trd, 863534.268, 101
Trd, 863535.234, 106
Trd, 863535.451, 113
Trd, 863535.918, 98
Trd, 863537.184, 107
Trd, 863537.318, 108
Trd, 863537.384, 109
Trd, 863537.401, 104
Trd, 863537.501, 96
Trd, 863537.984, 95
Trd, 863538.251, 103
Trd, 863539.301, 98
Trd, 863539.884, 95
Trd, 863540.118, 111
Trd, 863541.218, 88
Trd, 863541.334, 109
Trd, 863541.568, 85
Trd, 863542.118, 103
Trd, 863542.901, 105
Trd, 863543.368, 96
Trd, 863544.101, 95
Trd, 863544.218, 98
Trd, 863544.518, 96
Trd, 863545.518, 105
Trd, 863545.584, 96
Trd, 863546.101, 95
Trd, 863546.918, 96
Trd, 863547.201, 93
Trd, 863547.234, 111
Trd, 863548.201, 106
Trd, 863548.684, 95
Trd, 863548.751, 104
Trd, 863550.034, 96
Trd, 863550.234, 89
Trd, 863550.268, 101
Trd, 863550.568, 88
Trd, 863551.718, 106
Trd, 863552.151, 109
Trd, 863552.318, 90
Trd, 863553.168, 96
Trd, 863554.318, 90
Trd, 863554.701, 98
Trd, 863554.934, 93
Trd, 863554.984, 106
Trd, 863555.301, 90
Trd, 863555.951, 112
Trd, 863556.318, 110
Trd, 863556.518, 112
Trd, 863558.184, 106
Trd, 863558.501, 104
Trd, 863559.051, 105
Trd, 863559.484, 96
Trd, 863559.568, 95
Trd, 863559.734, 87
Trd, 863560.068, 84
Trd, 863560.384, 100
Trd, 863560.501, 109
Trd, 863560.684, 83
Trd, 863562.351, 103
Trd, 863562.634, 102
Trd, 863562.934, 101
Trd, 863563.384, 106
Trd, 863563.768, 104
Trd, 863564.534, 111
Trd, 863564.951, 102
Trd, 863564.984, 112
Trd, 863565.751, 111
Trd, 863565.818, 109
Trd, 863566.301, 96
Trd, 863566.801, 97
Trd, 863567.451, 95
Trd, 863567.618, 87
Trd, 863568.268, 106
Trd, 863568.768, 93
Trd, 863569.251, 102
Trd, 863569.501, 108
Trd, 863569.618, 112
Trd, 863570.218, 83
Trd, 863571.118, 106
Trd, 863571.318, 117
Trd, 863571.334, 97
Trd, 863572.234, 112
Trd, 863572.901, 113
Trd, 863573.218, 105
Trd, 863573.968, 96
Trd, 863574.201, 101
Trd, 863575.001, 100
Trd, 863575.851, 95
Trd, 863575.968, 93
Trd, 863575.984, 102
Trd, 863576.934, 110
Trd, 863577.584, 109
Trd, 863577.968, 119
Trd, 863578.151, 120
Trd, 863578.884, 117
Trd, 863578.968, 113
Trd, 863579.518, 105
Trd, 863580.001, 104
Trd, 863580.468, 97
Trd, 863581.634, 113
Trd, 863581.784, 110
Trd, 863582.601, 101
Trd, 863583.001, 106
Trd, 863583.401, 95
Trd, 863583.768, 113
Trd, 863584.051, 95
Trd, 863584.384, 114
Trd, 863584.601, 115
Trd, 863585.118, 117
Trd, 863585.268, 96
Trd, 863586.318, 109
Trd, 863586.584, 117
Trd, 863586.801, 96
Trd, 863587.018, 95
Trd, 863587.518, 117
Trd, 863588.551, 102
Trd, 863589.118, 95
Trd, 863589.134, 93
Trd, 863589.734, 93
Trd, 863589.984, 84
Trd, 863591.034, 98
Trd, 863592.268, 105
Trd, 863592.818, 106
Trd, 863593.668, 95
Trd, 863593.751, 108
Trd, 863594.534, 106
Trd, 863595.618, 103
Trd, 863595.668, 93
Trd, 863596.434, 103
Trd, 863596.484, 95
Trd, 863597.234, 102
Trd, 863597.468, 95
Trd, 863598.518, 117
Trd, 863598.868, 104
Trd, 863599.484, 102
Trd, 863600.201, 111
Trd, 863600.584, 99
Trd, 863600.601, 112
Trd, 863601.568, 93
Trd, 863601.768, 89
Trd, 863601.951, 88
Trd, 863602.551, 103
Trd, 863604.068, 105
Trd, 863604.451, 105
Trd, 863605.268, 103
Trd, 863605.968, 110
Trd, 863606.068, 101
Trd, 863606.834, 106
Trd, 863606.968, 95
Trd, 863607.118, 110
Trd, 863608.368, 94
Trd, 863608.751, 108
Trd, 863609.934, 104
Trd, 863610.484, 104
Trd, 863610.584, 95
Trd, 863611.151, 96
Trd, 863612.134, 109
Trd, 863614.084, 100
Trd, 863614.151, 102
Trd, 863614.218, 106
Trd, 863614.768, 104
Trd, 863614.884, 97
Trd, 863614.934, 112
Trd, 863615.168, 95
Trd, 863615.318, 97
Trd, 863615.334, 99
Trd, 863615.668, 114
Trd, 863616.284, 113
Trd, 863616.401, 93
Trd, 863617.984, 108
Trd, 863618.851, 105
Trd, 863619.084, 104
Trd, 863619.301, 106
Trd, 863619.851, 104
Trd, 863619.901, 103
Trd, 863620.118, 112
Trd, 863620.151, 95
Trd, 863620.251, 120
Trd, 863622.034, 91
Trd, 863622.434, 91
Trd, 863623.401, 102
Trd, 863623.884, 106
Trd, 863624.101, 112
Trd, 863624.134, 103
Trd, 863624.151, 100
Trd, 863624.368, 109
Trd, 863624.951, 100
Trd, 863625.068, 119
Trd, 863625.118, 123
Trd, 863625.651, 111
Trd, 863625.684, 93
Trd, 863626.118, 86
Trd, 863627.034, 92
Trd, 863627.068, 105
Trd, 863628.068, 97
Trd, 863628.101, 98
Trd, 863628.334, 105
Trd, 863628.451, 109
Trd, 863629.251, 96
Trd, 863629.801, 107
Trd, 863630.101, 96
Trd, 863630.701, 96
Trd, 863632.201, 102
Trd, 863632.684, 100
Trd, 863632.751, 93
Trd, 863633.234, 107
Trd, 863633.568, 93
Trd, 863633.701, 85
Trd, 863633.751, 109
Trd, 863634.301, 100
Trd, 863634.401, 90
Trd, 863634.734, 84
Trd, 863634.784, 110
Trd, 863635.734, 120
Trd, 863636.234, 120
Trd, 863637.218, 98
Trd, 863638.601, 104
Trd, 863638.668, 100
Trd, 863639.734, 102
Trd, 863640.551, 103
Trd, 863641.118, 109
Trd, 863641.401, 102
Trd, 863641.634, 95
Trd, 863642.184, 102
Trd, 863642.351, 93
Trd, 863644.584, 105
Trd, 863644.834, 99
Trd, 863644.851, 105
Trd, 863645.084, 106
Trd, 863647.584, 105
Trd, 863647.801, 109
Trd, 863648.318, 104
Trd, 863648.501, 112
Trd, 863648.534, 95
Trd, 863649.018, 97
Trd, 863649.418, 93
Trd, 863649.434, 113
Trd, 863649.751, 93
Trd, 863650.551, 102
Trd, 863650.768, 101
Trd, 863651.318, 103
Trd, 863651.434, 99
Trd, 863652.384, 102
Trd, 863652.418, 98
Trd, 863653.118, 106
Trd, 863653.268, 95
Trd, 863653.884, 105
Trd, 863654.118, 110
Trd, 863654.318, 95
Trd, 863655.151, 107
Trd, 863655.184, 111
Trd, 863656.384, 119
Trd, 863657.284, 112
Trd, 863658.001, 113
Trd, 863658.401, 100
Trd, 863658.918, 94
Trd, 863658.934, 93
Trd, 863659.284, 112
Trd, 863659.684, 93
Trd, 863660.084, 94
Trd, 863660.168, 93
Trd, 863660.534, 91
Trd, 863661.668, 96
Trd, 863662.418, 102
Trd, 863662.934, 109
Trd, 863663.368, 109
Trd, 863663.668, 110
Trd, 863664.218, 100
Trd, 863664.584, 113
Trd, 863665.334, 113
Trd, 863665.451, 112
Trd, 863665.684, 104
Trd, 863667.184, 102
Trd, 863667.851, 107
Trd, 863667.934, 95
Trd, 863668.084, 111
Trd, 863668.784, 111
Trd, 863668.868, 94
Trd, 863669.284, 100
Trd, 863669.501, 93
Trd, 863669.534, 108
Trd, 863670.101, 110
Trd, 863670.451, 114
Trd, 863670.751, 119
Trd, 863671.518, 119
Trd, 863671.868, 112
Trd, 863672.118, 111
Trd, 863672.334, 93
Trd, 863672.451, 89
Trd, 863673.451, 95
Trd, 863673.601, 113
Trd, 863673.868, 98
Trd, 863674.251, 89
Trd, 863674.984, 90
Trd, 863675.684, 104
Trd, 863676.401, 104
Trd, 863677.751, 95
Trd, 863678.234, 112
Trd, 863678.434, 94
Trd, 863678.684, 106
Trd, 863679.184, 110
Trd, 863680.151, 101
Trd, 863680.668, 99
Trd, 863680.884, 98
Trd, 863681.251, 109
Trd, 863681.301, 93
Trd, 863681.584, 93
Trd, 863681.668, 117
Trd, 863681.751, 93
Trd, 863681.951, 86
Trd, 863682.984, 108
Trd, 863683.268, 111
Trd, 863683.751, 112
Trd, 863683.934, 95
Trd, 863685.134, 117
Trd, 863685.868, 94
Trd, 863686.118, 102
Trd, 863686.284, 98
Trd, 863686.818, 109
Trd, 863687.751, 113
Trd, 863688.184, 117
Trd, 863688.901, 101
Trd, 863689.468, 117
Trd, 863689.484, 109
Trd, 863689.551, 116
Trd, 863690.151, 121
Trd, 863690.334, 97
Trd, 863691.901, 98
Trd, 863692.001, 99
Trd, 863692.301, 106
Trd, 863693.101, 95
Trd, 863693.201, 94
Trd, 863695.218, 112
Trd, 863695.284, 114
Trd, 863695.801, 102
Trd, 863696.501, 103
Trd, 863696.684, 100
Trd, 863696.734, 109
Trd, 863696.901, 110
Trd, 863696.934, 95
Trd, 863697.201, 112
Trd, 863697.251, 104
Trd, 863699.118, 101
Trd, 863699.901, 97
Trd, 863700.768, 88
Trd, 863700.784, 102
Trd, 863701.051, 104
Trd, 863701.184, 107
Trd, 863702.384, 109
Trd, 863702.918, 86
Trd, 863703.134, 98
Trd, 863703.184, 95
Trd, 863704.218, 93
Trd, 863704.434, 92
Trd, 863704.534, 102
Trd, 863704.701, 102
Trd, 863704.951, 106
Trd, 863705.968, 90
Trd, 863706.284, 102
Trd, 863706.301, 105
Trd, 863706.518, 90
Trd, 863707.168, 111
Trd, 863708.201, 99
Trd, 863708.701, 99
Trd, 863708.968, 98
Trd, 863709.368, 105
Trd, 863709.451, 95
Trd, 863709.468, 117
Trd, 863709.651, 93
Trd, 863709.668, 92
Trd, 863710.868, 106
Trd, 863712.018, 99
Trd, 863712.801, 108
Trd, 863713.068, 104
Trd, 863713.701, 110
Trd, 863714.334, 109
Trd, 863714.434, 102
Trd, 863716.868, 99
Trd, 863717.518, 95
Trd, 863717.868, 102
Trd, 863718.268, 103
Trd, 863718.318, 97
Trd, 863718.484, 103
Trd, 863718.584, 90
Trd, 863718.784, 93
Trd, 863719.151, 106
Trd, 863719.518, 99
Trd, 863720.168, 91
Trd, 863721.584, 106
Trd, 863721.668, 105
Trd, 863721.951, 109
Trd, 863722.001, 112
Trd, 863722.384, 101
Trd, 863722.768, 98
Trd, 863723.284, 107
Trd, 863723.801, 104
Trd, 863723.884, 110
Trd, 863724.684, 97
Trd, 863725.568, 99
Trd, 863726.101, 101
Trd, 863726.118, 113
Trd, 863726.451, 121
Trd, 863726.484, 99
Trd, 863726.818, 101
Trd, 863727.768, 96
Trd, 863727.784, 100
Trd, 863729.034, 100
Trd, 863729.501, 96
Trd, 863730.468, 104
Trd, 863730.568, 97
Trd, 863731.818, 99
Trd, 863732.534, 106
Trd, 863732.701, 98
Trd, 863733.068, 98
Trd, 863733.784, 103
Trd, 863733.934, 110
Trd, 863733.951, 112
Trd, 863735.101, 115
Trd, 863735.118, 101
Trd, 863736.151, 102
Trd, 863737.334, 94
Trd, 863737.751, 110
Trd, 863738.684, 92
Trd, 863739.651, 96
Trd, 863739.801, 101
Trd, 863740.084, 98
Trd, 863740.234, 105
Trd, 863740.468, 95
Trd, 863740.968, 105
Trd, 863741.484, 93
Trd, 863742.218, 106
Trd, 863742.768, 101
Trd, 863742.801, 97
Trd, 863742.951, 112
Trd, 863744.568, 109
Trd, 863745.118, 108
Trd, 863745.551, 118
Trd, 863745.751, 104
Trd, 863745.818, 101
Trd, 863745.951, 95
Trd, 863746.218, 97
Trd, 863746.784, 99
Trd, 863747.234, 100
Trd, 863748.051, 92
Trd, 863748.101, 106
Trd, 863748.251, 91
Trd, 863748.851, 95
Trd, 863749.468, 109
Trd, 863749.568, 104
Trd, 863750.334, 92
Trd, 863751.134, 99
Trd, 863752.001, 108
Trd, 863752.218, 98
Trd, 863753.084, 109
Trd, 863753.218, 91
Trd, 863753.684, 105
Trd, 863754.534, 104
Trd, 863755.684, 106
Trd, 863756.518, 100
Trd, 863756.551, 108
Trd, 863756.651, 112
Trd, 863756.951, 98
Trd, 863757.068, 96
Trd, 863757.701, 116
Trd, 863757.734, 123
Trd, 863758.051, 124
Trd, 863758.851, 96
Trd, 863759.101, 105
Trd, 863759.768, 97
Trd, 863760.534, 101
Trd, 863760.668, 98
Trd, 863760.801, 105
Trd, 863762.484, 106
Trd, 863762.584, 106
Trd, 863763.884, 98
Trd, 863764.268, 95
Trd, 863764.568, 100
Trd, 863764.751, 105
Trd, 863765.668, 96
Trd, 863765.718, 109
Trd, 863766.318, 109
Trd, 863766.884, 108
Trd, 863767.034, 107
Trd, 863767.051, 112
Trd, 863767.884, 95
Trd, 863769.034, 98
Trd, 863769.434, 109
Trd, 863769.768, 109
Trd, 863769.884, 102
Trd, 863770.618, 112
Trd, 863770.784, 95
Trd, 863770.901, 112
Trd, 863771.084, 116
Trd, 863772.001, 94
Trd, 863772.234, 111
Trd, 863772.418, 94
Trd, 863773.334, 105
Trd, 863773.434, 116
Trd, 863773.718, 98
Trd, 863773.984, 99
Trd, 863774.718, 93
Trd, 863774.818, 108
Trd, 863776.334, 96
Trd, 863776.784, 100
Trd, 863777.084, 101
Trd, 863777.101, 106
Trd, 863777.568, 119
Trd, 863778.501, 117
Trd, 863778.584, 104
Trd, 863779.901, 107
Trd, 863780.034, 95
Trd, 863780.318, 93
Trd, 863780.518, 82
Trd, 863780.918, 81
Trd, 863781.151, 94
Trd, 863781.434, 73
Trd, 863781.868, 95
Trd, 863782.084, 102
Trd, 863782.651, 106
Trd, 863782.934, 105
Trd, 863784.251, 106
Trd, 863784.801, 88
Trd, 863785.168, 87
Trd, 863785.201, 86
Trd, 863786.268, 103
Trd, 863786.451, 102
Trd, 863786.818, 112
Trd, 863788.184, 97
Trd, 863788.284, 105
Trd, 863788.501, 115
Trd, 863789.701, 107
Trd, 863789.884, 105
Trd, 863790.568, 110
Trd, 863791.484, 100
Trd, 863792.018, 116
Trd, 863792.434, 107
Trd, 863792.701, 102
Trd, 863792.751, 101
Trd, 863793.201, 118
Trd, 863793.518, 86
Trd, 863793.734, 95
Trd, 863795.001, 109
Trd, 863795.051, 111
Trd, 863795.301, 113
Trd, 863795.768, 106
Trd, 863797.334, 107
Trd, 863797.934, 106
Trd, 863798.001, 95
Trd, 863800.318, 89
Trd, 863800.401, 94
Trd, 863800.684, 106
Trd, 863800.701, 109
Trd, 863800.918, 90
Trd, 863801.084, 108
Trd, 863801.268, 112
Trd, 863801.451, 106
Trd, 863801.484, 104
Trd, 863801.684, 85
Trd, 863803.701, 96
Trd, 863804.234, 102
Trd, 863804.934, 97
Trd, 863804.951, 94
Trd, 863805.334, 97
Trd, 863805.668, 93
Trd, 863805.684, 84
Trd, 863807.668, 103
Trd, 863807.718, 101
Trd, 863808.351, 85
Trd, 863808.834, 106
Trd, 863809.018, 100
Trd, 863809.168, 104
Trd, 863809.234, 108
Trd, 863809.301, 110
Trd, 863810.834, 102
Trd, 863811.434, 108
Trd, 863811.618, 109
Trd, 863811.668, 105
Trd, 863813.251, 100
Trd, 863813.434, 105
Trd, 863814.818, 101
Trd, 863815.251, 110
Trd, 863816.101, 98
Trd, 863816.651, 99
Trd, 863817.334, 97
Trd, 863817.801, 100
Trd, 863818.834, 100
Trd, 863819.168, 104
Trd, 863819.584, 97
Trd, 863819.868, 104
Trd, 863820.118, 105
Trd, 863820.351, 106
Trd, 863821.434, 94
Trd, 863822.601, 108
Trd, 863823.001, 94
Trd, 863824.051, 105
Trd, 863824.084, 107
Trd, 863825.168, 108
Trd, 863825.184, 104
Trd, 863825.451, 109
Trd, 863825.618, 100
Trd, 863826.634, 106
Trd, 863827.618, 95
Trd, 863827.801, 101
Trd, 863828.034, 101
Trd, 863829.018, 98
Trd, 863829.318, 106
Trd, 863829.784, 99
Trd, 863829.884, 95
Trd, 863830.284, 107
Trd, 863830.334, 111
Trd, 863830.668, 96
Trd, 863831.418, 95
Trd, 863832.351, 99
Trd, 863832.434, 93
Trd, 863832.918, 106
Trd, 863833.384, 105
Trd, 863833.634, 109
Trd, 863833.818, 104
Trd, 863834.018, 111
Trd, 863834.684, 89
Trd, 863834.801, 112
Trd, 863835.801, 113
Trd, 863836.801, 106
Trd, 863836.918, 103
Trd, 863837.018, 109
Trd, 863837.168, 108
Trd, 863837.634, 103
Trd, 863837.768, 110
Trd, 863838.301, 105
Trd, 863838.784, 95
Trd, 863839.634, 93
Trd, 863839.868, 103
Trd, 863840.034, 106
Trd, 863840.134, 84
Trd, 863840.484, 86
Trd, 863840.634, 103
Trd, 863841.284, 106
Trd, 863841.634, 109
Trd, 863842.318, 94
Trd, 863844.551, 82
Trd, 863845.218, 95
Trd, 863845.601, 89
Trd, 863845.934, 96
Trd, 863846.018, 86
Trd, 863846.601, 106
Trd, 863848.568, 96
Trd, 863848.934, 95
Trd, 863849.901, 108
Trd, 863849.918, 90
Trd, 863849.984, 109
Trd, 863850.668, 112
Trd, 863851.501, 119
Trd, 863852.218, 107
Trd, 863852.234, 109
Trd, 863852.584, 106
Trd, 863853.101, 117
Trd, 863853.801, 115
Trd, 863853.918, 114
Trd, 863854.751, 104
Trd, 863855.051, 104
Trd, 863855.634, 104
Trd, 863856.151, 95
Trd, 863856.234, 104
Trd, 863857.201, 106
Trd, 863857.451, 112
Trd, 863857.484, 122
Trd, 863857.501, 103
Trd, 863857.651, 101
Trd, 863857.968, 113
Trd, 863858.184, 99
Trd, 863858.651, 108
Trd, 863858.668, 95
Trd, 863860.068, 122
Trd, 863861.334, 94
Trd, 863861.934, 94
Trd, 863861.984, 101
Trd, 863862.401, 93
Trd, 863862.451, 109
Trd, 863863.451, 101
Trd, 863864.201, 105
Trd, 863864.351, 106
Trd, 863864.501, 108
Trd, 863864.634, 112
Trd, 863865.318, 96
Trd, 863865.634, 112
Trd, 863865.951, 111
Trd, 863866.084, 102
Trd, 863866.751, 97
Trd, 863867.368, 97
Trd, 863868.651, 97
Trd, 863868.718, 95
Trd, 863868.918, 93
Trd, 863869.701, 89
Trd, 863870.218, 106
Trd, 863871.101, 103
Trd, 863871.801, 112
Trd, 863871.834, 113
Trd, 863873.068, 98
Trd, 863873.684, 94
Trd, 863874.184, 93
Trd, 863874.368, 104
Trd, 863874.534, 104
Trd, 863874.868, 101
Trd, 863875.368, 95
Trd, 863875.851, 101
Trd, 863876.618, 97
Trd, 863877.368, 93
Trd, 863877.384, 108
Trd, 863877.768, 95
Trd, 863878.068, 102
Trd, 863878.468, 87
Trd, 863878.634, 106
Trd, 863878.951, 108
Trd, 863879.818, 109
Trd, 863880.068, 89
Trd, 863880.368, 111
Trd, 863881.018, 122
Trd, 863881.668, 116
Trd, 863882.734, 117
Trd, 863883.051, 115
Trd, 863883.268, 104
Trd, 863883.551, 116
Trd, 863883.818, 112
Trd, 863884.151, 108
Trd, 863885.234, 93
Trd, 863885.901, 94
Trd, 863886.034, 102
Trd, 863886.834, 98
Trd, 863887.084, 105
Trd, 863888.401, 110
Trd, 863888.834, 104
Trd, 863889.434, 77
Trd, 863889.868, 111
Trd, 863890.651, 94
Trd, 863891.484, 107
Trd, 863892.001, 104
Trd, 863892.018, 120
Trd, 863892.201, 100
Trd, 863892.284, 99
Trd, 863893.434, 105
Trd, 863893.618, 120
Trd, 863894.218, 106
Trd, 863894.601, 101
Trd, 863894.884, 111
Trd, 863895.334, 98
Trd, 863895.851, 95
Trd, 863896.068, 111
Trd, 863896.401, 97
Trd, 863896.851, 112
Trd, 863897.551, 93
Trd, 863898.851, 106
Trd, 863898.884, 104
Trd, 863900.334, 106
Trd, 863900.701, 107
Trd, 863901.284, 106
Trd, 863901.434, 105
Trd, 863901.518, 110
Trd, 863903.351, 107
Trd, 863904.001, 101
Trd, 863904.318, 106
Trd, 863904.334, 109
Trd, 863904.901, 112
Trd, 863904.918, 110
Trd, 863905.251, 95
Trd, 863905.784, 94
Trd, 863906.001, 93
Trd, 863906.118, 85
Trd, 863907.601, 110
Trd, 863907.651, 108
Trd, 863907.801, 102
Trd, 863908.434, 108
Trd, 863909.751, 102
Trd, 863910.451, 110
Trd, 863910.884, 97
Trd, 863911.068, 96
Trd, 863911.684, 100
Trd, 863912.051, 95
Trd, 863912.068, 109
Trd, 863912.568, 96
Trd, 863912.751, 101
Trd, 863912.901, 92
Trd, 863912.918, 90
Trd, 863913.101, 109
Trd, 863913.451, 92
Trd, 863913.518, 103
Trd, 863914.734, 88
Trd, 863914.751, 87
Trd, 863914.834, 109
Trd, 863915.018, 103
Trd, 863916.568, 101
Trd, 863917.251, 86
Trd, 863918.201, 109
Trd, 863918.218, 103
Trd, 863918.618, 105
Trd, 863919.734, 95
Trd, 863919.968, 84
Trd, 863920.451, 95
Trd, 863920.751, 101
Trd, 863921.151, 111
Trd, 863921.651, 93
Trd, 863921.851, 106
Trd, 863924.001, 105
Trd, 863924.084, 106
Trd, 863924.384, 102
Trd, 863924.434, 100
Trd, 863925.451, 95
Trd, 863925.801, 108
Trd, 863925.868, 86
Trd, 863926.084, 83
Trd, 863926.601, 91
Trd, 863927.218, 109
Trd, 863927.318, 112
Trd, 863927.451, 101
Trd, 863928.701, 108
Trd, 863929.351, 118
Trd, 863929.368, 99
Trd, 863929.568, 119
Trd, 863929.951, 96
Trd, 863930.951, 95
Trd, 863932.018, 110
Trd, 863932.468, 93
Trd, 863932.718, 111
Trd, 863933.034, 91
Trd, 863933.168, 101
Trd, 863933.768, 112
Trd, 863934.351, 84
Trd, 863936.534, 110
Trd, 863936.984, 105
Trd, 863937.601, 104
Trd, 863937.668, 94
Trd, 863937.818, 97
Trd, 863938.318, 99
Trd, 863938.418, 101
Trd, 863938.634, 102
Trd, 863939.168, 106
Trd, 863939.984, 89
Trd, 863940.301, 85
Trd, 863940.384, 99
Trd, 863940.601, 102
Trd, 863941.018, 90
Trd, 863941.534, 102
Trd, 863941.834, 109
Trd, 863942.318, 95
Trd, 863942.801, 93
Trd, 863943.051, 110
Trd, 863943.584, 95
Trd, 863944.118, 89
Trd, 863944.934, 107
Trd, 863945.001, 94
Trd, 863945.918, 104
Trd, 863945.968, 106
Trd, 863947.218, 91
Trd, 863947.351, 100
Trd, 863947.818, 90
Trd, 863948.368, 104
Trd, 863948.884, 106
Trd, 863949.901, 106
Trd, 863950.118, 106
Trd, 863950.201, 109
Trd, 863950.368, 103
Trd, 863950.434, 97
Trd, 863950.518, 93
Trd, 863951.368, 85
Trd, 863951.851, 98
Trd, 863953.551, 101
Trd, 863953.584, 102
Trd, 863953.884, 96
Trd, 863955.068, 104
Trd, 863955.118, 96
Trd, 863955.284, 112
Trd, 863956.401, 109
Trd, 863956.584, 94
Trd, 863956.634, 93
Trd, 863957.234, 112
Trd, 863958.551, 96
Trd, 863959.251, 106
Trd, 863959.301, 111
Trd, 863959.568, 100
Trd, 863959.901, 104
Trd, 863960.451, 102
Trd, 863961.551, 117
Trd, 863962.234, 96
Trd, 863962.951, 112
Trd, 863963.284, 97
Trd, 863963.718, 91
Trd, 863964.268, 96
Trd, 863964.301, 91
Trd, 863964.568, 106
Trd, 863964.901, 92
Trd, 863965.034, 91
Trd, 863965.934, 92
Trd, 863966.351, 87
Trd, 863966.484, 109
Trd, 863967.184, 87
Trd, 863968.318, 89
Trd, 863968.484, 86
Trd, 863968.601, 103
Trd, 863968.634, 106
Trd, 863970.034, 110
Trd, 863970.134, 108
Trd, 863970.518, 95
Trd, 863971.584, 97
Trd, 863971.768, 93
Trd, 863972.601, 106
Trd, 863972.651, 93
Trd, 863973.134, 88
Trd, 863974.001, 106
Trd, 863974.068, 101
Trd, 863974.201, 95
Trd, 863975.018, 108
Trd, 863975.901, 110
Trd, 863976.401, 110
Trd, 863976.618, 104
Trd, 863977.101, 98
Trd, 863978.968, 96
Trd, 863979.601, 100
Trd, 863980.201, 102
Trd, 863980.251, 97
Trd, 863981.184, 107
Trd, 863981.434, 108
Trd, 863981.934, 107
Trd, 863982.234, 102
Trd, 863982.451, 110
Trd, 863982.834, 95
Trd, 863982.934, 96
Trd, 863983.001, 93
Trd, 863983.718, 109
Trd, 863985.884, 105
Trd, 863986.351, 104
Trd, 863986.451, 106
Trd, 863986.968, 98
Trd, 863987.484, 98
Trd, 863987.851, 90
Trd, 863988.051, 110
Trd, 863988.701, 96
Trd, 863988.784, 111
Trd, 863989.868, 104
Trd, 863990.168, 104
Trd, 863990.751, 95
Trd, 863990.901, 111
Trd, 863991.518, 95
Trd, 863993.334, 106
Trd, 863993.351, 112
Trd, 863993.784, 97
Trd, 863994.534, 104
Trd, 863994.918, 111
Trd, 863995.718, 112
Trd, 863997.084, 102
Trd, 863997.618, 98
Trd, 863997.784, 106
Trd, 863998.234, 93
Trd, 863998.901, 98
Trd, 863999.218, 85
