Trd, 863309.868, 96
Trd, 863310.251, 97
Trd, 863310.551, 96
Trd, 863311.051, 94
Trd, 863311.068, 95
Trd, 863311.184, 94
Trd, 863311.318, 100
Trd, 863311.551, 101
Trd, 863314.301, 99
Trd, 863314.501, 103
Trd, 863314.534, 100
Trd, 863314.568, 98
Trd, 863315.118, 104
Trd, 863315.218, 104
Trd, 863315.751, 98
Trd, 863316.201, 83
Trd, 863316.301, 104
Trd, 863317.234, 106
Trd, 863317.868, 93
Trd, 863318.301, 101
Trd, 863318.334, 92
Trd, 863318.868, 112
Trd, 863318.884, 94
Trd, 863318.951, 91
Trd, 863319.584, 93
Trd, 863320.301, 89
Trd, 863320.634, 97
Trd, 863320.751, 120
Trd, 863320.968, 90
Trd, 863321.118, 90
Trd, 863321.951, 94
Trd, 863322.084, 114
Trd, 863322.634, 114
Trd, 863323.018, 95
Trd, 863324.651, 99
Trd, 863325.251, 100
Trd, 863325.418, 95
Trd, 863326.018, 99
Trd, 863326.568, 100
Trd, 863326.651, 99
Trd, 863327.218, 98
Trd, 863327.284, 98
Trd, 863327.401, 92
Trd, 863327.734, 84
Trd, 863328.051, 104
Trd, 863329.034, 117
Trd, 863329.551, 117
Trd, 863329.684, 114
Trd, 863329.834, 118
Trd, 863329.868, 114
Trd, 863331.018, 116
Trd, 863331.618, 115
Trd, 863331.718, 112
Trd, 863331.868, 112
Trd, 863331.951, 103
Trd, 863332.268, 98
Trd, 863332.684, 93
Trd, 863333.218, 93
Trd, 863333.234, 108
Trd, 863333.268, 110
Trd, 863333.534, 109
Trd, 863333.784, 98
Trd, 863334.351, 84
Trd, 863334.984, 108
Trd, 863335.551, 95
Trd, 863335.584, 93
Trd, 863335.684, 106
Trd, 863335.868, 97
Trd, 863336.551, 89
Trd, 863337.018, 105
Trd, 863337.468, 107
Trd, 863337.868, 97
Trd, 863338.051, 89
Trd, 863338.234, 104
Trd, 863339.801, 87
Trd, 863339.884, 88
Trd, 863340.084, 87
Trd, 863340.451, 100
Trd, 863341.468, 95
Trd, 863341.484, 103
Trd, 863341.751, 94
Trd, 863341.968, 93
Trd, 863342.301, 92
Trd, 863342.434, 101
Trd, 863343.684, 104
Trd, 863343.801, 96
Trd, 863343.951, 95
Trd, 863344.018, 92
Trd, 863344.418, 110
Trd, 863344.784, 110
Trd, 863345.601, 109
Trd, 863345.934, 89
Trd, 863346.718, 87
Trd, 863346.784, 86
Trd, 863347.134, 90
Trd, 863347.234, 101
Trd, 863347.684, 101
Trd, 863348.168, 100
Trd, 863348.784, 100
Trd, 863348.818, 93
Trd, 863349.068, 103
Trd, 863349.384, 104
Trd, 863349.818, 87
Trd, 863349.984, 100
Trd, 863350.001, 104
Trd, 863350.668, 106
Trd, 863351.801, 95
Trd, 863352.001, 90
Trd, 863352.051, 87
Trd, 863352.351, 86
Trd, 863352.868, 88
Trd, 863353.351, 89
Trd, 863354.118, 89
Trd, 863354.968, 94
Trd, 863355.568, 92
Trd, 863355.651, 93
Trd, 863355.668, 91
Trd, 863355.734, 95
Trd, 863356.218, 91
Trd, 863356.484, 101
Trd, 863356.568, 91
Trd, 863357.551, 91
Trd, 863358.501, 97
Trd, 863358.834, 104
Trd, 863359.401, 89
Trd, 863359.568, 105
Trd, 863359.784, 89
Trd, 863360.134, 87
Trd, 863360.151, 105
Trd, 863360.484, 110
Trd, 863360.884, 85
Trd, 863362.901, 95
Trd, 863363.084, 94
Trd, 863363.168, 93
Trd, 863363.451, 98
Trd, 863363.518, 101
Trd, 863363.718, 94
Trd, 863364.218, 93
Trd, 863364.318, 95
Trd, 863364.401, 100
Trd, 863364.918, 96
Trd, 863365.268, 101
Trd, 863365.318, 95
Trd, 863366.351, 91
Trd, 863366.884, 104
Trd, 863367.134, 106
Trd, 863367.551, 96
Trd, 863368.351, 95
Trd, 863368.584, 95
Trd, 863369.684, 110
Trd, 863370.184, 111
Trd, 863370.751, 106
Trd, 863371.268, 98
Trd, 863371.484, 108
Trd, 863372.051, 97
Trd, 863372.401, 106
Trd, 863373.301, 91
Trd, 863373.318, 90
Trd, 863373.434, 92
Trd, 863373.801, 101
Trd, 863374.268, 98
Trd, 863374.301, 98
Trd, 863375.601, 102
Trd, 863375.684, 104
Trd, 863376.368, 102
Trd, 863376.418, 101
Trd, 863376.818, 99
Trd, 863377.434, 102
Trd, 863377.868, 97
Trd, 863378.368, 93
Trd, 863378.568, 103
Trd, 863378.984, 81
Trd, 863379.684, 104
Trd, 863380.718, 99
Trd, 863380.751, 98
Trd, 863380.768, 103
Trd, 863381.401, 102
Trd, 863381.918, 104
Trd, 863382.018, 102
Trd, 863382.468, 101
Trd, 863382.684, 101
Trd, 863383.684, 94
Trd, 863383.768, 93
Trd, 863383.834, 106
Trd, 863383.984, 107
Trd, 863384.451, 95
Trd, 863385.101, 106
Trd, 863385.384, 96
Trd, 863385.568, 97
Trd, 863385.834, 91
Trd, 863386.101, 90
Trd, 863386.534, 96
Trd, 863386.801, 87
Trd, 863387.584, 101
Trd, 863387.701, 93
Trd, 863387.818, 101
Trd, 863388.884, 86
Trd, 863388.968, 94
Trd, 863389.768, 80
Trd, 863390.584, 95
Trd, 863391.151, 91
Trd, 863391.968, 99
Trd, 863392.268, 101
Trd, 863392.534, 93
Trd, 863392.884, 95
Trd, 863393.251, 107
Trd, 863393.301, 97
Trd, 863394.351, 108
Trd, 863394.401, 101
Trd, 863394.501, 100
Trd, 863394.851, 99
Trd, 863395.001, 98
Trd, 863395.051, 96
Trd, 863395.118, 93
Trd, 863395.751, 114
Trd, 863395.851, 115
Trd, 863395.934, 88
Trd, 863397.384, 93
Trd, 863397.868, 94
Trd, 863398.751, 95
Trd, 863399.384, 97
Trd, 863399.484, 101
Trd, 863399.501, 95
Trd, 863399.668, 94
Trd, 863399.884, 97
Trd, 863400.284, 100
Trd, 863401.134, 106
Trd, 863401.301, 107
Trd, 863401.368, 98
Trd, 863401.884, 99
Trd, 863402.484, 103
Trd, 863402.851, 101
Trd, 863403.218, 101
Trd, 863403.301, 101
Trd, 863403.618, 109
Trd, 863405.151, 101
Trd, 863406.284, 99
Trd, 863406.568, 98
Trd, 863406.701, 95
Trd, 863406.801, 104
Trd, 863406.834, 105
Trd, 863407.051, 108
Trd, 863407.101, 93
Trd, 863407.751, 91
Trd, 863408.151, 91
Trd, 863408.234, 113
Trd, 863408.884, 108
Trd, 863409.684, 109
Trd, 863409.801, 109
Trd, 863409.818, 108
Trd, 863410.151, 106
Trd, 863410.268, 101
Trd, 863410.684, 91
Trd, 863410.801, 112
Trd, 863411.751, 91
Trd, 863412.234, 93
Trd, 863412.268, 92
Trd, 863412.484, 92
Trd, 863413.101, 86
Trd, 863413.518, 92
Trd, 863413.634, 101
Trd, 863413.801, 104
Trd, 863414.034, 83
Trd, 863414.234, 112
Trd, 863414.468, 113
Trd, 863414.884, 98
Trd, 863415.134, 92
Trd, 863415.301, 82
Trd, 863415.751, 95
Trd, 863416.201, 84
Trd, 863416.901, 88
Trd, 863417.834, 102
Trd, 863418.434, 98
Trd, 863418.584, 98
Trd, 863419.001, 101
Trd, 863419.018, 98
Trd, 863419.651, 98
Trd, 863419.968, 97
Trd, 863420.268, 101
Trd, 863420.584, 101
Trd, 863420.801, 94
Trd, 863421.384, 104
Trd, 863421.768, 109
Trd, 863422.651, 98
Trd, 863423.118, 101
Trd, 863423.201, 101
Trd, 863423.434, 102
Trd, 863423.734, 101
Trd, 863424.184, 106
Trd, 863424.434, 99
Trd, 863424.651, 98
Trd, 863424.868, 96
Trd, 863425.101, 96
Trd, 863425.368, 95
Trd, 863425.834, 95
Trd, 863426.301, 92
Trd, 863426.401, 91
Trd, 863426.784, 91
Trd, 863427.284, 92
Trd, 863427.384, 88
Trd, 863427.518, 93
Trd, 863427.601, 88
Trd, 863428.218, 82
Trd, 863430.051, 87
Trd, 863430.068, 83
Trd, 863430.234, 84
Trd, 863430.334, 90
Trd, 863430.718, 89
Trd, 863431.334, 97
Trd, 863431.518, 103
Trd, 863431.568, 83
Trd, 863432.484, 101
Trd, 863432.984, 104
Trd, 863433.568, 102
Trd, 863433.918, 90
Trd, 863434.251, 92
Trd, 863435.134, 95
Trd, 863435.551, 94
Trd, 863435.701, 105
Trd, 863436.551, 97
Trd, 863436.618, 96
Trd, 863437.068, 95
Trd, 863437.301, 95
Trd, 863437.884, 95
Trd, 863438.334, 106
Trd, 863439.001, 106
Trd, 863439.618, 96
Trd, 863440.184, 103
Trd, 863440.201, 107
Trd, 863441.134, 106
Trd, 863441.301, 101
Trd, 863441.351, 101
Trd, 863441.734, 101
Trd, 863442.051, 109
Trd, 863442.418, 116
Trd, 863442.484, 108
Trd, 863442.551, 107
Trd, 863442.684, 106
Trd, 863443.001, 98
Trd, 863443.234, 93
Trd, 863443.901, 104
Trd, 863443.984, 90
Trd, 863445.018, 84
Trd, 863446.584, 89
Trd, 863446.618, 90
Trd, 863446.801, 101
Trd, 863447.951, 89
Trd, 863448.284, 94
Trd, 863448.418, 93
Trd, 863448.634, 95
Trd, 863449.451, 103
Trd, 863449.484, 104
Trd, 863449.601, 101
Trd, 863449.668, 100
Trd, 863449.984, 98
Trd, 863450.551, 97
Trd, 863450.584, 111
Trd, 863450.618, 82
Trd, 863450.868, 84
Trd, 863451.168, 92
Trd, 863452.268, 94
Trd, 863452.384, 94
Trd, 863452.584, 95
Trd, 863452.718, 95
Trd, 863452.784, 90
Trd, 863454.301, 89
Trd, 863454.484, 87
Trd, 863454.568, 87
Trd, 863455.484, 90
Trd, 863455.501, 88
Trd, 863456.218, 93
Trd, 863456.668, 95
Trd, 863456.734, 101
Trd, 863457.451, 100
Trd, 863457.551, 98
Trd, 863457.851, 102
Trd, 863457.918, 98
Trd, 863458.318, 103
Trd, 863458.518, 103
Trd, 863458.618, 98
Trd, 863458.968, 93
Trd, 863459.301, 90
Trd, 863459.884, 86
Trd, 863460.534, 93
Trd, 863460.951, 104
Trd, 863461.018, 107
Trd, 863461.368, 97
Trd, 863461.834, 99
Trd, 863462.368, 104
Trd, 863462.734, 101
Trd, 863463.701, 100
Trd, 863463.951, 101
Trd, 863464.051, 98
Trd, 863464.101, 103
Trd, 863465.451, 99
Trd, 863465.668, 97
Trd, 863465.734, 99
Trd, 863466.168, 99
Trd, 863466.418, 109
Trd, 863466.618, 114
Trd, 863467.084, 115
Trd, 863467.768, 103
Trd, 863468.268, 101
Trd, 863468.401, 101
Trd, 863469.001, 99
Trd, 863469.634, 99
Trd, 863470.168, 98
Trd, 863470.201, 104
Trd, 863470.701, 104
Trd, 863471.001, 96
Trd, 863471.584, 96
Trd, 863472.118, 95
Trd, 863473.201, 107
Trd, 863473.484, 98
Trd, 863473.768, 119
Trd, 863474.368, 108
Trd, 863474.884, 104
Trd, 863474.934, 101
Trd, 863474.951, 100
Trd, 863475.134, 99
Trd, 863475.301, 106
Trd, 863476.551, 93
Trd, 863477.018, 95
Trd, 863477.584, 96
Trd, 863478.234, 95
Trd, 863478.468, 93
Trd, 863478.918, 91
Trd, 863479.651, 96
Trd, 863480.001, 97
Trd, 863480.351, 101
Trd, 863480.434, 102
Trd, 863480.518, 100
Trd, 863480.551, 104
Trd, 863480.584, 99
Trd, 863480.818, 105
Trd, 863481.834, 101
Trd, 863481.884, 105
Trd, 863481.951, 101
Trd, 863482.218, 101
Trd, 863482.468, 100
Trd, 863482.601, 104
Trd, 863483.218, 104
Trd, 863484.418, 99
Trd, 863484.584, 98
Trd, 863484.934, 107
Trd, 863485.151, 101
Trd, 863485.468, 107
Trd, 863485.718, 95
Trd, 863485.868, 117
Trd, 863486.551, 99
Trd, 863486.901, 109
Trd, 863487.468, 98
Trd, 863487.701, 98
Trd, 863488.068, 108
Trd, 863488.084, 97
Trd, 863488.168, 96
Trd, 863488.634, 99
Trd, 863489.168, 98
Trd, 863489.701, 97
Trd, 863490.101, 105
Trd, 863490.334, 97
Trd, 863490.418, 96
Trd, 863490.451, 93
Trd, 863490.518, 89
Trd, 863491.001, 109
Trd, 863491.151, 80
Trd, 863491.751, 83
Trd, 863492.301, 88
Trd, 863492.584, 117
Trd, 863493.868, 96
Trd, 863494.168, 104
Trd, 863494.901, 106
Trd, 863495.534, 106
Trd, 863495.651, 107
Trd, 863495.951, 106
Trd, 863496.601, 105
Trd, 863496.968, 106
Trd, 863497.451, 106
Trd, 863497.634, 105
Trd, 863497.701, 104
Trd, 863497.984, 105
Trd, 863498.318, 102
Trd, 863498.418, 106
Trd, 863499.234, 107
Trd, 863499.368, 101
Trd, 863499.668, 98
Trd, 863499.834, 97
Trd, 863500.518, 82
Trd, 863501.818, 85
Trd, 863502.218, 90
Trd, 863502.934, 93
Trd, 863503.084, 104
Trd, 863503.118, 103
Trd, 863504.284, 94
Trd, 863504.384, 94
Trd, 863504.451, 94
Trd, 863504.518, 93
Trd, 863504.884, 108
Trd, 863504.918, 89
Trd, 863505.968, 96
Trd, 863506.768, 105
Trd, 863506.968, 98
Trd, 863507.518, 99
Trd, 863508.068, 110
Trd, 863508.501, 110
Trd, 863508.534, 109
Trd, 863509.068, 115
Trd, 863509.118, 101
Trd, 863509.568, 107
Trd, 863509.901, 100
Trd, 863510.351, 115
Trd, 863510.718, 97
Trd, 863510.868, 103
Trd, 863511.551, 104
Trd, 863511.584, 122
Trd, 863511.834, 101
Trd, 863512.218, 100
Trd, 863512.401, 99
Trd, 863512.551, 98
Trd, 863512.951, 93
Trd, 863513.084, 109
Trd, 863513.851, 90
Trd, 863515.668, 95
Trd, 863516.201, 96
Trd, 863516.451, 97
Trd, 863516.568, 97
Trd, 863516.701, 96
Trd, 863516.884, 95
Trd, 863517.468, 100
Trd, 863517.518, 94
Trd, 863517.818, 104
Trd, 863518.634, 93
Trd, 863518.668, 95
Trd, 863518.801, 96
Trd, 863519.034, 92
Trd, 863519.101, 81
Trd, 863519.384, 105
Trd, 863519.568, 81
Trd, 863520.334, 84
Trd, 863522.201, 90
Trd, 863522.668, 95
Trd, 863522.868, 92
Trd, 863523.084, 91
Trd, 863523.584, 93
Trd, 863523.801, 93
Trd, 863523.868, 101
Trd, 863525.234, 100
Trd, 863525.668, 103
Trd, 863525.884, 102
Trd, 863526.068, 102
Trd, 863526.101, 101
Trd, 863526.351, 103
Trd, 863527.084, 104
Trd, 863527.151, 109
Trd, 863527.384, 115
Trd, 863528.968, 99
Trd, 863529.201, 99
Trd, 863529.284, 98
Trd, 863529.701, 98
Trd, 863529.834, 104
Trd, 863529.868, 105
Trd, 863530.418, 101
Trd, 863530.934, 106
Trd, 863531.268, 113
Trd, 863531.351, 109
Trd, 863531.401, 106
Trd, 863533.184, 101
Trd, 863533.401, 99
Trd, 863533.818, 93
Trd, 863533.934, 89
Trd, 863534.068, 90
Trd, 863534.784, 91
Trd, 863535.268, 97
Trd, 863535.284, 90
Trd, 863535.768, 107
Trd, 863536.068, 106
Trd, 863536.868, 104
Trd, 863537.401, 102
Trd, 863537.851, 105
Trd, 863538.084, 103
Trd, 863538.684, 103
Trd, 863538.734, 101
Trd, 863538.818, 100
Trd, 863539.051, 98
Trd, 863539.568, 113
Trd, 863540.051, 113
Trd, 863540.068, 101
Trd, 863540.318, 107
Trd, 863540.684, 102
Trd, 863541.584, 102
Trd, 863541.834, 113
Trd, 863541.984, 99
Trd, 863543.318, 105
Trd, 863543.351, 104
Trd, 863543.518, 102
Trd, 863543.934, 106
Trd, 863544.051, 99
Trd, 863544.368, 93
Trd, 863544.734, 99
Trd, 863545.551, 83
Trd, 863546.368, 99
Trd, 863546.384, 86
Trd, 863547.034, 88
Trd, 863547.084, 90
Trd, 863547.168, 90
Trd, 863547.534, 88
Trd, 863547.834, 104
Trd, 863547.884, 106
Trd, 863548.534, 90
Trd, 863548.551, 89
Trd, 863549.468, 103
Trd, 863549.668, 84
Trd, 863549.984, 88
Trd, 863550.368, 95
Trd, 863550.884, 89
Trd, 863552.184, 100
Trd, 863552.484, 101
Trd, 863552.751, 96
Trd, 863553.001, 105
Trd, 863553.168, 95
Trd, 863553.468, 106
Trd, 863553.951, 95
Trd, 863554.568, 97
Trd, 863554.668, 110
Trd, 863556.068, 98
Trd, 863556.584, 97
Trd, 863556.601, 96
Trd, 863556.868, 93
Trd, 863556.984, 84
Trd, 863557.451, 86
Trd, 863558.068, 96
Trd, 863558.384, 97
Trd, 863560.001, 96
Trd, 863560.084, 96
Trd, 863560.251, 101
Trd, 863560.484, 96
Trd, 863561.084, 97
Trd, 863561.168, 104
Trd, 863561.784, 99
Trd, 863562.468, 107
Trd, 863562.551, 98
Trd, 863562.818, 111
Trd, 863563.251, 95
Trd, 863563.451, 93
Trd, 863563.734, 112
Trd, 863563.851, 113
Trd, 863564.134, 82
Trd, 863564.218, 111
Trd, 863565.701, 97
Trd, 863566.618, 87
Trd, 863566.968, 88
Trd, 863567.418, 95
Trd, 863567.468, 96
Trd, 863567.801, 90
Trd, 863568.518, 90
Trd, 863568.651, 89
Trd, 863569.034, 89
Trd, 863569.184, 101
Trd, 863569.484, 88
Trd, 863569.551, 106
Trd, 863570.668, 84
Trd, 863570.868, 101
Trd, 863572.151, 96
Trd, 863572.701, 83
Trd, 863572.784, 82
Trd, 863573.868, 92
Trd, 863574.451, 94
Trd, 863574.818, 95
Trd, 863575.618, 96
Trd, 863576.118, 96
Trd, 863576.168, 95
Trd, 863576.268, 104
Trd, 863576.901, 107
Trd, 863576.951, 109
Trd, 863577.551, 109
Trd, 863578.718, 99
Trd, 863578.934, 100
Trd, 863578.951, 99
Trd, 863579.068, 99
Trd, 863579.684, 100
Trd, 863580.001, 100
Trd, 863580.418, 101
Trd, 863580.734, 104
Trd, 863580.884, 102
Trd, 863581.101, 101
Trd, 863581.168, 100
Trd, 863581.734, 106
Trd, 863581.884, 99
Trd, 863583.418, 101
Trd, 863583.451, 100
Trd, 863583.534, 100
Trd, 863583.984, 98
Trd, 863584.751, 98
Trd, 863584.801, 104
Trd, 863584.818, 94
Trd, 863585.118, 96
Trd, 863585.184, 107
Trd, 863586.351, 105
Trd, 863586.434, 93
Trd, 863586.468, 93
Trd, 863587.218, 96
Trd, 863587.318, 83
Trd, 863587.668, 84
Trd, 863587.968, 97
Trd, 863588.201, 100
Trd, 863589.201, 88
Trd, 863590.051, 97
Trd, 863590.734, 101
Trd, 863590.951, 99
Trd, 863591.034, 98
Trd, 863591.218, 97
Trd, 863592.068, 96
Trd, 863592.768, 97
Trd, 863592.868, 96
Trd, 863593.218, 98
Trd, 863593.484, 102
Trd, 863593.601, 101
Trd, 863594.718, 98
Trd, 863594.984, 97
Trd, 863595.201, 101
Trd, 863596.018, 97
Trd, 863596.518, 102
Trd, 863596.568, 97
Trd, 863596.601, 103
Trd, 863596.684, 93
Trd, 863596.801, 92
Trd, 863597.568, 88
Trd, 863597.734, 87
Trd, 863599.884, 93
Trd, 863600.234, 95
Trd, 863600.284, 101
Trd, 863600.501, 94
Trd, 863600.784, 104
Trd, 863601.368, 95
Trd, 863601.384, 106
Trd, 863601.851, 98
Trd, 863602.368, 96
Trd, 863602.801, 96
Trd, 863603.034, 96
Trd, 863603.068, 116
Trd, 863603.968, 99
Trd, 863604.084, 101
Trd, 863604.251, 100
Trd, 863604.351, 102
Trd, 863605.268, 105
Trd, 863605.434, 99
Trd, 863605.684, 98
Trd, 863606.551, 96
Trd, 863606.618, 95
Trd, 863606.868, 106
Trd, 863607.384, 108
Trd, 863607.434, 117
Trd, 863607.501, 97
Trd, 863608.851, 114
Trd, 863609.018, 98
Trd, 863609.301, 110
Trd, 863609.634, 116
Trd, 863609.834, 95
Trd, 863610.434, 94
Trd, 863610.468, 93
Trd, 863610.651, 82
Trd, 863611.318, 76
Trd, 863611.751, 105
Trd, 863611.818, 90
Trd, 863612.284, 92
Trd, 863612.501, 91
Trd, 863612.984, 86
Trd, 863613.101, 90
Trd, 863613.968, 92
Trd, 863614.184, 89
Trd, 863614.601, 93
Trd, 863614.684, 96
Trd, 863614.901, 103
Trd, 863615.401, 104
Trd, 863615.501, 110
Trd, 863615.518, 94
Trd, 863615.568, 118
Trd, 863616.301, 93
Trd, 863616.551, 94
Trd, 863617.601, 103
Trd, 863617.784, 104
Trd, 863617.868, 94
Trd, 863618.884, 97
Trd, 863619.001, 94
Trd, 863619.851, 95
Trd, 863619.868, 94
Trd, 863620.251, 98
Trd, 863621.034, 94
Trd, 863621.234, 98
Trd, 863621.684, 98
Trd, 863622.068, 95
Trd, 863622.251, 96
Trd, 863622.384, 92
Trd, 863623.668, 83
Trd, 863623.868, 101
Trd, 863624.018, 83
Trd, 863624.768, 101
Trd, 863625.468, 95
Trd, 863625.501, 86
Trd, 863625.751, 90
Trd, 863625.784, 104
Trd, 863625.968, 85
Trd, 863627.701, 88
Trd, 863628.168, 89
Trd, 863628.518, 103
Trd, 863628.634, 102
Trd, 863629.201, 95
Trd, 863629.301, 103
Trd, 863629.318, 89
Trd, 863629.418, 100
Trd, 863629.701, 104
Trd, 863629.734, 88
Trd, 863630.251, 87
Trd, 863631.401, 86
Trd, 863631.751, 90
Trd, 863632.451, 102
Trd, 863632.518, 93
Trd, 863632.801, 99
Trd, 863632.918, 98
Trd, 863633.001, 92
Trd, 863633.934, 95
Trd, 863634.334, 96
Trd, 863634.434, 95
Trd, 863634.718, 107
Trd, 863635.651, 96
Trd, 863635.801, 95
Trd, 863635.951, 113
Trd, 863636.651, 110
Trd, 863637.101, 109
Trd, 863637.468, 111
Trd, 863637.484, 106
Trd, 863638.034, 105
Trd, 863638.434, 104
Trd, 863638.968, 98
Trd, 863639.268, 110
Trd, 863639.734, 107
Trd, 863640.068, 112
Trd, 863640.134, 99
Trd, 863641.618, 100
Trd, 863642.818, 104
Trd, 863642.868, 101
Trd, 863643.634, 104
Trd, 863643.951, 101
Trd, 863643.984, 100
Trd, 863644.601, 100
Trd, 863644.734, 102
Trd, 863644.868, 99
Trd, 863645.034, 103
Trd, 863645.834, 109
Trd, 863646.151, 118
Trd, 863646.218, 103
Trd, 863646.284, 102
Trd, 863646.701, 118
Trd, 863647.168, 107
Trd, 863647.401, 105
Trd, 863647.818, 104
Trd, 863648.651, 103
Trd, 863649.034, 103
Trd, 863649.118, 101
Trd, 863649.634, 99
Trd, 863649.651, 104
Trd, 863650.068, 99
Trd, 863650.101, 98
Trd, 863651.568, 93
Trd, 863651.951, 83
Trd, 863652.734, 101
Trd, 863653.168, 89
Trd, 863653.318, 89
Trd, 863654.568, 92
Trd, 863654.834, 93
Trd, 863655.051, 92
Trd, 863655.168, 93
Trd, 863655.251, 91
Trd, 863655.334, 95
Trd, 863655.451, 101
Trd, 863655.968, 101
Trd, 863656.134, 104
Trd, 863656.418, 91
Trd, 863656.751, 98
Trd, 863657.418, 91
Trd, 863657.618, 108
Trd, 863657.851, 89
Trd, 863658.484, 95
Trd, 863658.968, 108
Trd, 863659.318, 106
Trd, 863659.451, 107
Trd, 863660.284, 98
Trd, 863660.434, 95
Trd, 863661.351, 100
Trd, 863661.634, 101
Trd, 863662.284, 99
Trd, 863662.484, 104
Trd, 863662.818, 100
Trd, 863663.068, 99
Trd, 863663.084, 95
Trd, 863663.468, 106
Trd, 863663.668, 94
Trd, 863664.084, 115
Trd, 863664.234, 118
Trd, 863664.268, 95
Trd, 863665.218, 105
Trd, 863665.351, 98
Trd, 863665.618, 97
Trd, 863667.084, 99
Trd, 863667.584, 93
Trd, 863668.001, 94
Trd, 863668.884, 97
Trd, 863668.934, 97
Trd, 863669.151, 100
Trd, 863669.251, 101
Trd, 863669.584, 85
Trd, 863669.818, 84
Trd, 863670.051, 89
Trd, 863670.218, 90
Trd, 863670.951, 89
Trd, 863671.668, 92
Trd, 863671.751, 92
Trd, 863673.201, 95
Trd, 863673.634, 93
Trd, 863673.668, 91
Trd, 863673.684, 97
Trd, 863674.784, 90
Trd, 863675.151, 92
Trd, 863675.168, 91
Trd, 863675.251, 93
Trd, 863675.651, 95
Trd, 863676.451, 95
Trd, 863676.668, 104
Trd, 863677.151, 102
Trd, 863677.784, 101
Trd, 863678.018, 102
Trd, 863678.134, 101
Trd, 863678.734, 98
Trd, 863679.184, 104
Trd, 863679.534, 101
Trd, 863680.151, 101
Trd, 863680.218, 99
Trd, 863680.434, 105
Trd, 863680.484, 107
Trd, 863681.684, 104
Trd, 863681.768, 94
Trd, 863681.801, 87
Trd, 863683.334, 93
Trd, 863683.351, 94
Trd, 863683.668, 94
Trd, 863683.884, 91
Trd, 863683.918, 95
Trd, 863684.018, 89
Trd, 863684.818, 99
Trd, 863685.634, 90
Trd, 863686.034, 91
Trd, 863686.084, 87
Trd, 863687.034, 95
Trd, 863687.634, 96
Trd, 863688.051, 93
Trd, 863688.068, 92
Trd, 863688.718, 92
Trd, 863688.884, 97
Trd, 863689.018, 99
Trd, 863689.618, 96
Trd, 863689.768, 95
Trd, 863689.818, 101
Trd, 863690.334, 104
Trd, 863690.468, 101
Trd, 863691.084, 98
Trd, 863691.934, 106
Trd, 863691.951, 99
Trd, 863691.984, 100
Trd, 863692.284, 97
Trd, 863692.934, 94
Trd, 863693.434, 95
Trd, 863693.718, 96
Trd, 863693.834, 101
Trd, 863694.334, 108
Trd, 863694.501, 101
Trd, 863694.534, 98
Trd, 863694.634, 109
Trd, 863695.401, 99
Trd, 863695.801, 96
Trd, 863696.834, 95
Trd, 863696.884, 94
Trd, 863697.551, 97
Trd, 863697.718, 95
Trd, 863698.001, 94
Trd, 863698.234, 105
Trd, 863698.968, 98
Trd, 863699.534, 105
Trd, 863699.818, 89
Trd, 863700.418, 110
Trd, 863701.051, 90
Trd, 863701.518, 95
Trd, 863701.718, 92
Trd, 863701.984, 91
Trd, 863702.334, 83
Trd, 863702.568, 87
Trd, 863703.184, 87
Trd, 863703.718, 97
Trd, 863703.734, 83
Trd, 863704.168, 98
Trd, 863704.934, 101
Trd, 863705.001, 88
Trd, 863705.234, 103
Trd, 863705.884, 88
Trd, 863706.251, 107
Trd, 863706.318, 108
Trd, 863706.368, 90
Trd, 863708.684, 97
Trd, 863709.168, 97
Trd, 863709.234, 96
Trd, 863709.684, 95
Trd, 863710.018, 98
Trd, 863710.118, 94
Trd, 863710.634, 99
Trd, 863710.651, 101
Trd, 863711.118, 95
Trd, 863711.268, 100
Trd, 863711.884, 103
Trd, 863712.251, 94
Trd, 863712.351, 93
Trd, 863712.901, 104
Trd, 863713.134, 106
Trd, 863714.134, 87
Trd, 863714.884, 90
Trd, 863715.501, 88
Trd, 863715.801, 90
Trd, 863716.751, 93
Trd, 863717.168, 93
Trd, 863717.784, 96
Trd, 863717.918, 97
Trd, 863718.101, 96
Trd, 863719.101, 100
Trd, 863719.118, 99
Trd, 863719.284, 104
Trd, 863719.384, 99
Trd, 863719.584, 98
Trd, 863719.651, 95
Trd, 863720.084, 103
Trd, 863720.284, 105
Trd, 863720.351, 107
Trd, 863721.101, 104
Trd, 863722.168, 109
Trd, 863722.884, 113
Trd, 863722.984, 108
Trd, 863723.501, 106
Trd, 863723.534, 104
Trd, 863724.151, 104
Trd, 863724.534, 103
Trd, 863724.951, 104
Trd, 863725.001, 102
Trd, 863725.318, 101
Trd, 863725.718, 98
Trd, 863726.468, 100
Trd, 863727.201, 103
Trd, 863727.468, 93
Trd, 863727.601, 90
Trd, 863728.768, 88
Trd, 863728.868, 96
Trd, 863729.501, 87
Trd, 863729.684, 85
Trd, 863729.918, 99
Trd, 863730.134, 100
Trd, 863730.451, 101
Trd, 863731.401, 102
Trd, 863731.918, 102
Trd, 863732.151, 101
Trd, 863732.184, 100
Trd, 863732.251, 104
Trd, 863732.768, 107
Trd, 863732.968, 103
Trd, 863733.301, 108
Trd, 863733.818, 108
Trd, 863734.068, 108
Trd, 863734.284, 114
Trd, 863734.334, 105
Trd, 863734.501, 104
Trd, 863735.418, 98
Trd, 863735.668, 98
Trd, 863735.768, 95
Trd, 863736.851, 108
Trd, 863737.201, 96
Trd, 863737.334, 95
Trd, 863738.434, 98
Trd, 863738.618, 104
Trd, 863739.051, 104
Trd, 863739.184, 98
Trd, 863739.551, 97
Trd, 863739.918, 92
Trd, 863739.984, 91
Trd, 863740.101, 98
Trd, 863740.434, 109
Trd, 863740.651, 97
Trd, 863742.001, 86
Trd, 863743.251, 89
Trd, 863743.651, 89
Trd, 863744.134, 93
Trd, 863744.201, 93
Trd, 863744.784, 101
Trd, 863744.851, 94
Trd, 863744.901, 104
Trd, 863745.268, 101
Trd, 863745.334, 102
Trd, 863745.868, 97
Trd, 863746.068, 95
Trd, 863746.501, 93
Trd, 863747.568, 95
Trd, 863747.684, 100
Trd, 863747.701, 103
Trd, 863747.868, 93
Trd, 863747.901, 104
Trd, 863749.234, 99
Trd, 863749.284, 98
Trd, 863749.618, 99
Trd, 863750.451, 100
Trd, 863751.151, 112
Trd, 863751.768, 105
Trd, 863752.118, 104
Trd, 863752.201, 109
Trd, 863752.334, 104
Trd, 863752.368, 101
Trd, 863752.651, 100
Trd, 863752.851, 98
Trd, 863752.968, 93
Trd, 863753.468, 100
Trd, 863753.751, 102
Trd, 863753.834, 82
Trd, 863754.901, 98
Trd, 863755.068, 103
Trd, 863755.101, 87
Trd, 863755.168, 108
Trd, 863756.118, 111
Trd, 863756.451, 95
Trd, 863757.018, 97
Trd, 863757.051, 96
Trd, 863757.101, 96
Trd, 863757.651, 110
Trd, 863757.668, 102
Trd, 863758.018, 115
Trd, 863759.034, 98
Trd, 863759.218, 97
Trd, 863759.318, 93
Trd, 863759.401, 95
Trd, 863759.784, 109
Trd, 863760.518, 106
Trd, 863760.834, 107
Trd, 863760.901, 89
Trd, 863761.768, 89
Trd, 863761.984, 107
Trd, 863762.718, 114
Trd, 863763.334, 95
Trd, 863763.368, 93
Trd, 863764.068, 96
Trd, 863764.134, 106
Trd, 863765.051, 108
Trd, 863765.151, 98
Trd, 863765.218, 97
Trd, 863765.651, 97
Trd, 863765.784, 109
Trd, 863765.984, 108
Trd, 863766.201, 98
Trd, 863766.284, 97
Trd, 863766.501, 109
Trd, 863767.068, 83
Trd, 863767.451, 84
Trd, 863767.801, 99
Trd, 863768.418, 96
Trd, 863768.818, 94
Trd, 863769.051, 96
Trd, 863769.718, 93
Trd, 863770.351, 83
Trd, 863770.834, 85
Trd, 863770.984, 85
Trd, 863771.368, 90
Trd, 863771.734, 90
Trd, 863772.584, 94
Trd, 863772.718, 85
Trd, 863772.834, 95
Trd, 863773.468, 91
Trd, 863774.134, 86
Trd, 863774.634, 95
Trd, 863774.918, 85
Trd, 863775.168, 85
Trd, 863775.501, 85
Trd, 863776.234, 93
Trd, 863776.318, 99
Trd, 863776.501, 88
Trd, 863777.118, 104
Trd, 863777.468, 88
Trd, 863777.501, 87
Trd, 863778.934, 88
Trd, 863779.051, 90
Trd, 863779.584, 94
Trd, 863779.768, 96
Trd, 863779.968, 96
Trd, 863779.984, 101
Trd, 863780.084, 93
Trd, 863780.368, 104
Trd, 863780.534, 109
Trd, 863780.884, 100
Trd, 863780.951, 98
Trd, 863781.284, 99
Trd, 863781.401, 105
Trd, 863781.568, 98
Trd, 863781.984, 95
Trd, 863782.018, 95
Trd, 863783.434, 98
Trd, 863785.418, 100
Trd, 863785.568, 101
Trd, 863785.734, 100
Trd, 863785.851, 99
Trd, 863785.884, 98
Trd, 863785.951, 102
Trd, 863786.351, 104
Trd, 863786.768, 107
Trd, 863787.768, 111
Trd, 863787.968, 110
Trd, 863788.001, 109
Trd, 863788.318, 108
Trd, 863788.518, 107
Trd, 863788.601, 104
Trd, 863789.651, 98
Trd, 863790.451, 118
Trd, 863790.784, 112
Trd, 863791.018, 113
Trd, 863791.168, 111
Trd, 863791.301, 109
Trd, 863791.751, 101
Trd, 863792.418, 115
Trd, 863792.784, 96
Trd, 863792.834, 104
Trd, 863793.618, 104
Trd, 863794.718, 98
Trd, 863794.851, 98
Trd, 863794.951, 98
Trd, 863795.101, 97
Trd, 863795.184, 96
Trd, 863795.384, 94
Trd, 863795.734, 93
Trd, 863795.768, 109
Trd, 863796.118, 93
Trd, 863796.651, 82
Trd, 863796.668, 82
Trd, 863797.484, 79
Trd, 863797.818, 78
Trd, 863797.834, 85
Trd, 863799.234, 90
Trd, 863800.551, 93
Trd, 863800.734, 92
Trd, 863800.818, 91
Trd, 863801.134, 91
Trd, 863801.268, 90
Trd, 863801.534, 82
Trd, 863802.318, 96
Trd, 863802.551, 84
Trd, 863802.768, 85
Trd, 863803.601, 89
Trd, 863804.268, 100
Trd, 863804.518, 101
Trd, 863804.568, 104
Trd, 863804.784, 100
Trd, 863804.818, 115
Trd, 863804.951, 116
Trd, 863805.168, 115
Trd, 863805.484, 117
Trd, 863805.568, 100
Trd, 863806.368, 100
Trd, 863807.218, 102
Trd, 863807.551, 104
Trd, 863807.684, 101
Trd, 863807.751, 106
Trd, 863808.234, 109
Trd, 863808.618, 108
Trd, 863808.818, 106
Trd, 863809.118, 100
Trd, 863809.351, 99
Trd, 863809.418, 98
Trd, 863810.251, 99
Trd, 863810.468, 106
Trd, 863810.584, 102
Trd, 863810.718, 103
Trd, 863811.568, 103
Trd, 863811.901, 104
Trd, 863812.151, 101
Trd, 863812.234, 102
Trd, 863812.268, 101
Trd, 863812.334, 98
Trd, 863812.484, 112
Trd, 863814.284, 87
Trd, 863814.968, 90
Trd, 863815.101, 109
Trd, 863815.234, 110
Trd, 863815.368, 88
Trd, 863815.751, 111
Trd, 863816.251, 105
Trd, 863816.484, 90
Trd, 863817.668, 94
Trd, 863818.118, 95
Trd, 863818.468, 95
Trd, 863818.501, 94
Trd, 863818.618, 93
Trd, 863819.284, 97
Trd, 863819.884, 96
Trd, 863820.151, 95
Trd, 863820.334, 93
Trd, 863820.801, 97
Trd, 863822.134, 86
Trd, 863822.434, 80
Trd, 863823.118, 81
Trd, 863823.201, 93
Trd, 863823.301, 101
Trd, 863823.534, 83
Trd, 863823.801, 90
Trd, 863823.818, 85
Trd, 863824.034, 112
Trd, 863824.318, 84
Trd, 863825.484, 96
Trd, 863826.201, 101
Trd, 863826.284, 97
Trd, 863826.634, 99
Trd, 863827.151, 104
Trd, 863827.218, 102
Trd, 863827.484, 101
Trd, 863827.901, 99
Trd, 863828.418, 96
Trd, 863828.501, 93
Trd, 863828.901, 93
Trd, 863829.134, 102
Trd, 863829.618, 100
Trd, 863829.818, 101
Trd, 863831.734, 101
Trd, 863832.068, 91
Trd, 863832.384, 90
Trd, 863832.984, 96
Trd, 863833.751, 100
Trd, 863833.901, 101
Trd, 863833.984, 100
Trd, 863834.534, 101
Trd, 863834.751, 102
Trd, 863834.951, 104
Trd, 863835.018, 104
Trd, 863835.051, 99
Trd, 863835.368, 99
Trd, 863835.451, 99
Trd, 863835.484, 111
Trd, 863835.951, 98
Trd, 863836.384, 95
Trd, 863836.801, 88
Trd, 863837.318, 83
Trd, 863837.634, 100
Trd, 863838.251, 85
Trd, 863838.751, 88
Trd, 863839.351, 101
Trd, 863839.484, 86
Trd, 863841.434, 96
Trd, 863841.468, 93
Trd, 863841.568, 98
Trd, 863842.134, 97
Trd, 863842.218, 94
Trd, 863843.001, 98
Trd, 863843.034, 104
Trd, 863843.151, 96
Trd, 863843.468, 95
Trd, 863843.568, 93
Trd, 863844.184, 98
Trd, 863844.401, 113
Trd, 863845.151, 108
Trd, 863845.351, 99
Trd, 863845.384, 88
Trd, 863845.551, 88
Trd, 863845.968, 117
Trd, 863846.301, 88
Trd, 863846.334, 88
Trd, 863846.668, 86
Trd, 863847.184, 93
Trd, 863847.501, 109
Trd, 863847.801, 88
Trd, 863848.351, 89
Trd, 863848.551, 90
Trd, 863849.118, 114
Trd, 863849.384, 115
Trd, 863849.734, 90
Trd, 863850.601, 91
Trd, 863852.418, 101
Trd, 863852.434, 104
Trd, 863852.501, 104
Trd, 863852.718, 104
Trd, 863853.034, 112
Trd, 863853.484, 98
Trd, 863853.951, 101
Trd, 863853.984, 99
Trd, 863854.434, 99
Trd, 863854.551, 100
Trd, 863855.018, 102
Trd, 863855.851, 102
Trd, 863855.884, 101
Trd, 863856.134, 104
Trd, 863856.268, 99
Trd, 863856.434, 98
Trd, 863856.851, 107
Trd, 863857.568, 94
Trd, 863858.118, 93
Trd, 863858.268, 97
Trd, 863858.884, 98
Trd, 863858.901, 95
Trd, 863859.001, 101
Trd, 863859.018, 104
Trd, 863859.984, 99
Trd, 863860.351, 98
Trd, 863860.568, 112
Trd, 863861.518, 98
Trd, 863862.151, 94
Trd, 863862.701, 95
Trd, 863862.918, 94
Trd, 863863.168, 93
Trd, 863863.568, 98
Trd, 863864.101, 90
Trd, 863864.668, 100
Trd, 863864.868, 101
Trd, 863864.901, 113
Trd, 863865.684, 101
Trd, 863865.868, 108
Trd, 863866.934, 114
Trd, 863867.218, 100
Trd, 863867.484, 99
Trd, 863867.768, 100
Trd, 863868.168, 99
Trd, 863868.234, 98
Trd, 863868.851, 97
Trd, 863869.751, 94
Trd, 863870.418, 95
Trd, 863870.551, 103
Trd, 863870.684, 94
Trd, 863870.968, 93
Trd, 863871.118, 93
Trd, 863871.451, 95
Trd, 863872.501, 91
Trd, 863872.518, 98
Trd, 863872.568, 104
Trd, 863873.351, 89
Trd, 863873.868, 89
Trd, 863874.201, 88
Trd, 863874.634, 91
Trd, 863875.101, 101
Trd, 863875.634, 91
Trd, 863876.001, 112
Trd, 863876.151, 88
Trd, 863876.268, 87
Trd, 863876.818, 81
Trd, 863877.168, 96
Trd, 863878.401, 84
Trd, 863878.518, 87
Trd, 863879.368, 88
Trd, 863879.451, 87
Trd, 863879.534, 86
Trd, 863880.234, 93
Trd, 863880.534, 95
Trd, 863881.034, 101
Trd, 863881.084, 94
Trd, 863881.484, 95
Trd, 863881.501, 94
Trd, 863881.934, 87
Trd, 863882.451, 86
Trd, 863883.018, 98
Trd, 863883.584, 99
Trd, 863884.068, 101
Trd, 863884.651, 96
Trd, 863884.701, 93
Trd, 863884.768, 93
Trd, 863885.201, 92
Trd, 863885.601, 91
Trd, 863885.684, 107
Trd, 863885.901, 115
Trd, 863886.368, 115
Trd, 863886.468, 115
Trd, 863886.484, 114
Trd, 863887.884, 96
Trd, 863888.601, 100
Trd, 863888.901, 102
Trd, 863889.401, 96
Trd, 863890.384, 98
Trd, 863890.401, 97
Trd, 863890.601, 96
Trd, 863890.618, 103
Trd, 863890.634, 95
Trd, 863890.768, 94
Trd, 863890.951, 105
Trd, 863891.684, 107
Trd, 863892.001, 114
Trd, 863892.768, 95
Trd, 863893.334, 93
Trd, 863894.034, 98
Trd, 863894.101, 107
Trd, 863894.218, 95
Trd, 863895.518, 105
Trd, 863896.001, 99
Trd, 863896.118, 98
Trd, 863896.251, 97
Trd, 863896.501, 98
Trd, 863896.851, 97
Trd, 863897.518, 96
Trd, 863897.818, 98
Trd, 863899.034, 98
Trd, 863899.151, 103
Trd, 863899.751, 100
Trd, 863899.984, 99
Trd, 863900.018, 99
Trd, 863900.184, 101
Trd, 863900.301, 102
Trd, 863900.951, 99
Trd, 863902.234, 102
Trd, 863902.651, 104
Trd, 863903.101, 104
Trd, 863903.218, 105
Trd, 863903.351, 106
Trd, 863903.534, 102
Trd, 863904.368, 99
Trd, 863904.851, 115
Trd, 863905.218, 117
Trd, 863905.834, 101
Trd, 863905.951, 99
Trd, 863906.034, 98
Trd, 863906.151, 95
Trd, 863906.434, 99
Trd, 863906.601, 105
Trd, 863906.768, 88
Trd, 863907.034, 88
Trd, 863907.618, 88
Trd, 863907.868, 82
Trd, 863909.518, 97
Trd, 863910.418, 100
Trd, 863910.984, 97
Trd, 863911.251, 100
Trd, 863911.418, 95
Trd, 863911.634, 94
Trd, 863911.968, 100
Trd, 863912.084, 95
Trd, 863912.601, 97
Trd, 863913.101, 99
Trd, 863913.234, 98
Trd, 863913.334, 106
Trd, 863913.351, 97
Trd, 863914.051, 93
Trd, 863914.351, 90
Trd, 863914.501, 82
Trd, 863915.268, 114
Trd, 863915.901, 113
Trd, 863915.934, 80
Trd, 863916.218, 113
Trd, 863916.551, 89
Trd, 863917.368, 110
Trd, 863917.501, 110
Trd, 863917.518, 109
Trd, 863917.551, 103
Trd, 863917.568, 92
Trd, 863917.768, 112
Trd, 863917.784, 91
Trd, 863917.918, 84
Trd, 863919.801, 81
Trd, 863920.484, 86
Trd, 863920.768, 88
Trd, 863921.468, 90
Trd, 863922.018, 97
Trd, 863922.518, 98
Trd, 863923.218, 98
Trd, 863923.351, 97
Trd, 863923.418, 102
Trd, 863923.484, 93
Trd, 863924.318, 109
Trd, 863924.518, 101
Trd, 863924.784, 102
Trd, 863925.034, 101
Trd, 863925.868, 104
Trd, 863926.018, 105
Trd, 863927.251, 94
Trd, 863927.484, 107
Trd, 863927.701, 93
Trd, 863928.934, 94
Trd, 863929.034, 101
Trd, 863929.484, 93
Trd, 863929.551, 104
Trd, 863930.134, 96
Trd, 863930.434, 104
Trd, 863930.451, 95
Trd, 863930.484, 105
Trd, 863930.634, 109
Trd, 863932.334, 84
Trd, 863932.518, 90
Trd, 863933.701, 85
Trd, 863934.268, 84
Trd, 863934.768, 89
Trd, 863935.101, 88
Trd, 863935.201, 90
Trd, 863935.234, 93
Trd, 863935.684, 94
Trd, 863935.901, 93
Trd, 863936.818, 95
Trd, 863937.118, 94
Trd, 863937.484, 96
Trd, 863937.868, 101
Trd, 863938.518, 104
Trd, 863939.418, 106
Trd, 863939.451, 106
Trd, 863939.684, 104
Trd, 863939.784, 99
Trd, 863940.134, 103
Trd, 863940.284, 96
Trd, 863940.501, 94
Trd, 863940.968, 97
Trd, 863941.218, 103
Trd, 863941.718, 105
Trd, 863942.101, 104
Trd, 863942.301, 103
Trd, 863942.418, 102
Trd, 863943.251, 103
Trd, 863943.568, 103
Trd, 863943.968, 99
Trd, 863944.068, 104
Trd, 863944.368, 98
Trd, 863944.601, 93
Trd, 863945.701, 84
Trd, 863946.384, 96
Trd, 863946.901, 110
Trd, 863947.118, 109
Trd, 863948.501, 106
Trd, 863948.534, 104
Trd, 863948.968, 94
Trd, 863949.018, 94
Trd, 863949.484, 93
Trd, 863949.884, 93
Trd, 863949.968, 90
Trd, 863950.451, 93
Trd, 863950.651, 94
Trd, 863950.984, 92
Trd, 863951.068, 109
Trd, 863951.101, 111
Trd, 863951.268, 87
Trd, 863952.051, 91
Trd, 863952.384, 94
Trd, 863952.518, 93
Trd, 863952.618, 91
Trd, 863952.834, 90
Trd, 863952.984, 90
Trd, 863953.568, 90
Trd, 863953.668, 98
Trd, 863954.434, 98
Trd, 863954.934, 90
Trd, 863955.284, 99
Trd, 863955.334, 97
Trd, 863955.951, 83
Trd, 863956.034, 101
Trd, 863956.651, 102
Trd, 863957.351, 95
Trd, 863958.701, 90
Trd, 863959.234, 101
Trd, 863959.318, 104
Trd, 863959.651, 94
Trd, 863959.701, 106
Trd, 863959.718, 93
Trd, 863959.934, 94
Trd, 863961.518, 96
Trd, 863961.534, 95
Trd, 863961.934, 94
Trd, 863962.068, 104
Trd, 863962.201, 94
Trd, 863962.968, 122
Trd, 863963.151, 116
Trd, 863963.851, 113
Trd, 863964.168, 116
Trd, 863964.234, 115
Trd, 863964.601, 101
Trd, 863964.734, 100
Trd, 863965.418, 100
Trd, 863965.601, 98
Trd, 863965.801, 102
Trd, 863966.534, 101
Trd, 863967.068, 92
Trd, 863967.684, 91
Trd, 863968.151, 93
Trd, 863968.334, 93
Trd, 863968.551, 90
Trd, 863968.651, 89
Trd, 863968.884, 89
Trd, 863968.968, 112
Trd, 863969.351, 112
Trd, 863970.101, 112
Trd, 863970.618, 112
Trd, 863970.751, 111
Trd, 863970.968, 108
Trd, 863971.418, 101
Trd, 863971.551, 109
Trd, 863972.334, 90
Trd, 863972.518, 91
Trd, 863972.968, 92
Trd, 863973.351, 89
Trd, 863973.501, 101
Trd, 863974.518, 84
Trd, 863975.001, 85
Trd, 863975.568, 91
Trd, 863976.118, 96
Trd, 863976.418, 90
Trd, 863977.368, 101
Trd, 863977.501, 92
Trd, 863977.584, 91
Trd, 863977.651, 89
Trd, 863978.451, 91
Trd, 863979.301, 99
Trd, 863979.668, 89
Trd, 863980.084, 91
Trd, 863980.601, 101
Trd, 863980.934, 104
Trd, 863981.734, 96
Trd, 863982.034, 96
Trd, 863982.051, 106
Trd, 863982.234, 113
Trd, 863982.451, 101
Trd, 863983.318, 116
Trd, 863983.384, 100
Trd, 863983.401, 99
Trd, 863983.668, 99
Trd, 863984.301, 99
Trd, 863984.518, 98
Trd, 863984.568, 104
Trd, 863984.818, 106
Trd, 863985.034, 96
Trd, 863985.851, 83
Trd, 863985.868, 109
Trd, 863987.234, 94
Trd, 863987.468, 76
Trd, 863988.318, 84
Trd, 863988.968, 95
Trd, 863989.401, 90
Trd, 863989.568, 90
Trd, 863990.084, 92
Trd, 863990.251, 98
Trd, 863990.434, 101
Trd, 863990.551, 87
Trd, 863991.384, 89
Trd, 863991.868, 99
Trd, 863992.451, 105
Trd, 863992.751, 100
Trd, 863993.768, 102
Trd, 863994.451, 101
Trd, 863994.534, 104
Trd, 863994.984, 101
Trd, 863995.334, 100
Trd, 863995.451, 99
Trd, 863995.518, 98
Trd, 863995.718, 104
Trd, 863996.501, 108
Trd, 863996.568, 93
Trd, 863997.018, 111
Trd, 863997.918, 110
Trd, 863998.384, 110
Trd, 863998.451, 109
Trd, 863998.651, 106
Trd, 863998.801, 104
Trd, 863999.151, 101
Trd, 863999.601, 108
Trd, 863999.901, 113
Trd, 863999.918, 98
