Trd, 863305.684, 110
Trd, 863306.351, 95
Trd, 863306.651, 96
Trd, 863306.734, 100
Trd, 863306.984, 95
Trd, 863307.368, 103
Trd, 863308.551, 94
Trd, 863309.018, 95
Trd, 863309.551, 99
Trd, 863309.951, 89
Trd, 863310.168, 93
Trd, 863311.568, 88
Trd, 863312.034, 89
Trd, 863312.234, 87
Trd, 863312.368, 93
Trd, 863312.501, 94
Trd, 863312.534, 95
Trd, 863312.601, 102
Trd, 863313.251, 107
Trd, 863313.451, 110
Trd, 863314.468, 109
Trd, 863314.734, 104
Trd, 863314.951, 115
Trd, 863314.984, 119
Trd, 863315.968, 107
Trd, 863316.418, 110
Trd, 863316.484, 117
Trd, 863317.101, 108
Trd, 863317.284, 90
Trd, 863317.651, 98
Trd, 863318.101, 99
Trd, 863318.918, 92
Trd, 863319.034, 96
Trd, 863319.101, 87
Trd, 863319.284, 103
Trd, 863319.568, 84
Trd, 863319.818, 103
Trd, 863319.934, 109
Trd, 863320.651, 97
Trd, 863320.884, 86
Trd, 863321.418, 94
Trd, 863322.001, 108
Trd, 863323.084, 97
Trd, 863323.618, 88
Trd, 863324.084, 95
Trd, 863324.601, 88
Trd, 863324.818, 91
Trd, 863324.884, 99
Trd, 863326.851, 110
Trd, 863327.051, 109
Trd, 863327.551, 92
Trd, 863327.668, 117
Trd, 863328.301, 92
Trd, 863329.068, 115
Trd, 863329.684, 109
Trd, 863329.834, 97
Trd, 863330.001, 93
Trd, 863330.168, 99
Trd, 863330.901, 98
Trd, 863331.068, 86
Trd, 863331.201, 85
Trd, 863331.701, 91
Trd, 863332.068, 103
Trd, 863332.318, 101
Trd, 863332.401, 106
Trd, 863332.951, 109
Trd, 863333.234, 103
Trd, 863333.684, 113
Trd, 863334.151, 102
Trd, 863334.184, 111
Trd, 863334.551, 94
Trd, 863335.518, 95
Trd, 863336.018, 105
Trd, 863336.601, 112
Trd, 863336.851, 109
Trd, 863336.951, 109
Trd, 863337.518, 114
Trd, 863337.551, 109
Trd, 863337.601, 108
Trd, 863338.151, 106
Trd, 863338.484, 99
Trd, 863338.518, 91
Trd, 863339.451, 103
Trd, 863340.434, 93
Trd, 863340.751, 105
Trd, 863340.868, 88
Trd, 863341.384, 91
Trd, 863342.251, 89
Trd, 863342.701, 91
Trd, 863342.834, 93
Trd, 863343.218, 82
Trd, 863343.301, 81
Trd, 863344.684, 104
Trd, 863344.868, 99
Trd, 863344.984, 109
Trd, 863345.168, 97
Trd, 863345.251, 93
Trd, 863345.518, 99
Trd, 863345.718, 89
Trd, 863345.934, 88
Trd, 863346.268, 85
Trd, 863346.484, 99
Trd, 863346.684, 100
Trd, 863347.484, 97
Trd, 863348.484, 93
Trd, 863348.801, 92
Trd, 863349.018, 104
Trd, 863349.201, 108
Trd, 863349.401, 90
Trd, 863349.601, 111
Trd, 863349.751, 117
Trd, 863350.018, 86
Trd, 863350.034, 85
Trd, 863352.134, 105
Trd, 863352.584, 103
Trd, 863352.651, 101
Trd, 863353.134, 95
Trd, 863353.634, 101
Trd, 863354.318, 105
Trd, 863354.384, 91
Trd, 863354.584, 95
Trd, 863354.634, 87
Trd, 863355.901, 94
Trd, 863356.551, 88
Trd, 863356.868, 93
Trd, 863356.951, 85
Trd, 863357.018, 109
Trd, 863357.451, 112
Trd, 863357.484, 118
Trd, 863358.368, 108
Trd, 863358.734, 95
Trd, 863358.751, 96
Trd, 863359.434, 88
Trd, 863359.618, 94
Trd, 863359.768, 96
Trd, 863359.851, 86
Trd, 863361.568, 104
Trd, 863361.901, 108
Trd, 863362.084, 108
Trd, 863362.134, 110
Trd, 863362.751, 113
Trd, 863363.568, 105
Trd, 863363.918, 115
Trd, 863363.984, 88
Trd, 863364.301, 84
Trd, 863364.501, 116
Trd, 863365.034, 84
Trd, 863366.101, 101
Trd, 863366.851, 89
Trd, 863367.134, 104
Trd, 863367.701, 81
Trd, 863367.901, 94
Trd, 863368.234, 106
Trd, 863369.101, 101
Trd, 863369.151, 106
Trd, 863369.384, 103
Trd, 863370.101, 101
Trd, 863370.434, 96
Trd, 863370.518, 93
Trd, 863371.034, 112
Trd, 863371.368, 109
Trd, 863371.984, 108
Trd, 863372.001, 118
Trd, 863373.118, 93
Trd, 863373.568, 110
Trd, 863373.601, 107
Trd, 863373.784, 106
Trd, 863374.351, 105
Trd, 863375.251, 92
Trd, 863375.918, 86
Trd, 863375.951, 97
Trd, 863376.201, 101
Trd, 863376.551, 87
Trd, 863376.618, 95
Trd, 863376.901, 84
Trd, 863377.218, 84
Trd, 863377.634, 98
Trd, 863378.368, 101
Trd, 863378.384, 107
Trd, 863378.451, 100
Trd, 863379.034, 92
Trd, 863379.618, 99
Trd, 863379.934, 97
Trd, 863380.518, 107
Trd, 863380.851, 94
Trd, 863381.201, 98
Trd, 863382.051, 93
Trd, 863382.134, 96
Trd, 863382.318, 102
Trd, 863383.584, 103
Trd, 863383.834, 107
Trd, 863383.851, 102
Trd, 863385.384, 103
Trd, 863385.868, 101
Trd, 863385.934, 108
Trd, 863385.984, 109
Trd, 863386.351, 109
Trd, 863386.768, 94
Trd, 863386.984, 93
Trd, 863387.384, 96
Trd, 863388.101, 99
Trd, 863388.234, 105
Trd, 863388.251, 107
Trd, 863388.701, 110
Trd, 863388.834, 95
Trd, 863388.851, 91
Trd, 863389.301, 103
Trd, 863389.584, 109
Trd, 863390.834, 89
Trd, 863391.051, 99
Trd, 863391.734, 102
Trd, 863391.951, 98
Trd, 863392.784, 106
Trd, 863392.851, 110
Trd, 863393.968, 107
Trd, 863394.301, 108
Trd, 863395.368, 103
Trd, 863395.584, 101
Trd, 863395.751, 110
Trd, 863396.534, 95
Trd, 863396.568, 90
Trd, 863397.084, 101
Trd, 863397.784, 105
Trd, 863397.934, 91
Trd, 863398.168, 89
Trd, 863398.301, 88
Trd, 863398.834, 106
Trd, 863398.984, 95
Trd, 863399.434, 93
Trd, 863399.601, 101
Trd, 863399.701, 94
Trd, 863399.718, 93
Trd, 863401.101, 102
Trd, 863401.634, 99
Trd, 863401.734, 89
Trd, 863401.934, 105
Trd, 863402.484, 98
Trd, 863402.734, 98
Trd, 863403.501, 102
Trd, 863403.551, 94
Trd, 863403.884, 87
Trd, 863404.468, 109
Trd, 863405.018, 115
Trd, 863406.118, 98
Trd, 863406.184, 101
Trd, 863406.518, 90
Trd, 863406.834, 95
Trd, 863407.218, 90
Trd, 863407.368, 93
Trd, 863408.034, 108
Trd, 863408.101, 93
Trd, 863408.351, 89
Trd, 863408.651, 109
Trd, 863409.118, 104
Trd, 863409.951, 106
Trd, 863410.134, 116
Trd, 863410.684, 94
Trd, 863410.734, 104
Trd, 863410.951, 86
Trd, 863411.151, 86
Trd, 863411.918, 88
Trd, 863412.184, 94
Trd, 863412.534, 95
Trd, 863412.851, 96
Trd, 863413.084, 99
Trd, 863413.868, 98
Trd, 863414.068, 98
Trd, 863414.284, 85
Trd, 863414.301, 97
Trd, 863414.784, 84
Trd, 863415.084, 97
Trd, 863415.451, 93
Trd, 863416.001, 98
Trd, 863416.368, 99
Trd, 863416.451, 111
Trd, 863416.518, 116
Trd, 863417.018, 99
Trd, 863417.934, 97
Trd, 863418.084, 89
Trd, 863418.551, 106
Trd, 863419.218, 89
Trd, 863419.401, 90
Trd, 863419.734, 103
Trd, 863420.318, 103
Trd, 863421.218, 103
Trd, 863421.318, 108
Trd, 863421.551, 111
Trd, 863421.734, 109
Trd, 863421.951, 101
Trd, 863422.184, 113
Trd, 863422.234, 94
Trd, 863422.284, 116
Trd, 863422.401, 92
Trd, 863423.601, 95
Trd, 863424.818, 89
Trd, 863425.668, 88
Trd, 863425.801, 90
Trd, 863426.384, 92
Trd, 863426.401, 93
Trd, 863426.918, 96
Trd, 863427.251, 98
Trd, 863428.018, 96
Trd, 863428.168, 98
Trd, 863429.034, 96
Trd, 863429.818, 94
Trd, 863429.934, 106
Trd, 863430.718, 97
Trd, 863431.034, 96
Trd, 863431.334, 107
Trd, 863432.834, 96
Trd, 863432.901, 95
Trd, 863432.984, 99
Trd, 863433.084, 101
Trd, 863433.268, 100
Trd, 863433.668, 87
Trd, 863433.768, 112
Trd, 863434.718, 112
Trd, 863434.751, 104
Trd, 863435.284, 107
Trd, 863435.301, 102
Trd, 863435.734, 102
Trd, 863435.868, 103
Trd, 863436.084, 118
Trd, 863436.101, 101
Trd, 863436.318, 96
Trd, 863436.818, 99
Trd, 863437.834, 111
Trd, 863438.484, 91
Trd, 863438.684, 92
Trd, 863439.351, 83
Trd, 863439.468, 95
Trd, 863440.084, 92
Trd, 863440.318, 97
Trd, 863440.518, 98
Trd, 863440.568, 99
Trd, 863440.684, 108
Trd, 863440.701, 116
Trd, 863441.868, 96
Trd, 863442.384, 109
Trd, 863442.434, 112
Trd, 863443.084, 94
Trd, 863443.168, 93
Trd, 863443.651, 90
Trd, 863443.984, 94
Trd, 863444.418, 90
Trd, 863444.618, 96
Trd, 863445.268, 113
Trd, 863446.518, 88
Trd, 863446.568, 86
Trd, 863447.118, 98
Trd, 863447.201, 89
Trd, 863447.284, 100
Trd, 863447.318, 108
Trd, 863447.918, 100
Trd, 863447.968, 90
Trd, 863448.601, 104
Trd, 863449.518, 92
Trd, 863450.318, 99
Trd, 863450.534, 105
Trd, 863451.318, 92
Trd, 863451.418, 91
Trd, 863452.301, 91
Trd, 863452.651, 93
Trd, 863452.901, 98
Trd, 863453.168, 89
Trd, 863453.451, 95
Trd, 863453.518, 98
Trd, 863453.634, 100
Trd, 863454.101, 102
Trd, 863454.518, 105
Trd, 863454.834, 101
Trd, 863455.051, 108
Trd, 863455.118, 97
Trd, 863455.868, 93
Trd, 863456.201, 93
Trd, 863456.834, 91
Trd, 863457.234, 84
Trd, 863458.034, 92
Trd, 863459.351, 101
Trd, 863459.668, 95
Trd, 863460.984, 99
Trd, 863461.151, 104
Trd, 863461.334, 115
Trd, 863461.401, 96
Trd, 863461.551, 95
Trd, 863462.518, 96
Trd, 863463.468, 95
Trd, 863463.618, 96
Trd, 863463.851, 108
Trd, 863463.934, 105
Trd, 863464.001, 108
Trd, 863464.218, 96
Trd, 863464.651, 94
Trd, 863465.334, 97
Trd, 863465.468, 98
Trd, 863465.734, 95
Trd, 863465.934, 104
Trd, 863466.901, 101
Trd, 863467.034, 102
Trd, 863467.968, 93
Trd, 863468.184, 86
Trd, 863469.451, 91
Trd, 863469.634, 109
Trd, 863470.401, 96
Trd, 863470.534, 107
Trd, 863471.801, 91
Trd, 863472.351, 91
Trd, 863472.484, 99
Trd, 863472.568, 105
Trd, 863472.618, 110
Trd, 863472.984, 101
Trd, 863473.318, 92
Trd, 863473.484, 91
Trd, 863473.918, 103
Trd, 863474.684, 91
Trd, 863475.001, 93
Trd, 863475.518, 91
Trd, 863475.851, 108
Trd, 863476.518, 92
Trd, 863477.034, 99
Trd, 863477.401, 90
Trd, 863478.318, 98
Trd, 863479.001, 94
Trd, 863479.084, 107
Trd, 863479.101, 110
Trd, 863480.001, 107
Trd, 863480.368, 102
Trd, 863480.384, 106
Trd, 863481.068, 101
Trd, 863481.934, 112
Trd, 863482.718, 101
Trd, 863483.718, 100
Trd, 863483.734, 96
Trd, 863483.751, 91
Trd, 863484.718, 104
Trd, 863484.868, 96
Trd, 863485.518, 103
Trd, 863485.751, 101
Trd, 863485.901, 87
Trd, 863487.251, 96
Trd, 863487.934, 102
Trd, 863488.001, 96
Trd, 863488.718, 95
Trd, 863489.234, 91
Trd, 863489.384, 90
Trd, 863489.468, 88
Trd, 863489.584, 91
Trd, 863490.234, 95
Trd, 863490.384, 103
Trd, 863490.518, 104
Trd, 863491.218, 90
Trd, 863491.518, 101
Trd, 863491.551, 107
Trd, 863491.568, 108
Trd, 863491.918, 103
Trd, 863492.368, 108
Trd, 863494.018, 101
Trd, 863494.518, 102
Trd, 863494.584, 107
Trd, 863494.818, 112
Trd, 863495.734, 102
Trd, 863496.801, 96
Trd, 863497.068, 98
Trd, 863497.168, 100
Trd, 863497.418, 97
Trd, 863497.568, 101
Trd, 863497.668, 101
Trd, 863497.884, 111
Trd, 863498.068, 89
Trd, 863498.134, 103
Trd, 863498.234, 87
Trd, 863498.584, 86
Trd, 863499.868, 95
Trd, 863500.084, 107
Trd, 863500.218, 90
Trd, 863500.268, 86
Trd, 863501.634, 96
Trd, 863501.684, 99
Trd, 863502.034, 96
Trd, 863502.901, 95
Trd, 863503.768, 90
Trd, 863504.318, 103
Trd, 863504.568, 104
Trd, 863504.868, 94
Trd, 863505.034, 108
Trd, 863505.051, 112
Trd, 863505.251, 116
Trd, 863505.301, 90
Trd, 863505.651, 90
Trd, 863505.968, 94
Trd, 863506.168, 104
Trd, 863506.201, 90
Trd, 863506.651, 85
Trd, 863507.201, 92
Trd, 863507.734, 99
Trd, 863508.068, 108
Trd, 863508.551, 109
Trd, 863508.918, 103
Trd, 863508.934, 101
Trd, 863509.334, 105
Trd, 863509.534, 114
Trd, 863510.184, 123
Trd, 863510.351, 102
Trd, 863511.918, 95
Trd, 863512.184, 92
Trd, 863512.234, 100
Trd, 863512.401, 107
Trd, 863512.418, 90
Trd, 863513.034, 83
Trd, 863513.201, 110
Trd, 863513.751, 98
Trd, 863514.134, 101
Trd, 863514.184, 91
Trd, 863514.801, 99
Trd, 863514.984, 93
Trd, 863515.334, 105
Trd, 863515.384, 99
Trd, 863516.084, 103
Trd, 863516.334, 100
Trd, 863516.384, 100
Trd, 863516.868, 106
Trd, 863517.001, 111
Trd, 863518.118, 90
Trd, 863518.434, 95
Trd, 863518.668, 101
Trd, 863519.601, 102
Trd, 863519.634, 116
Trd, 863519.784, 106
Trd, 863520.901, 101
Trd, 863521.034, 91
Trd, 863521.834, 99
Trd, 863521.918, 108
Trd, 863522.351, 88
Trd, 863523.218, 91
Trd, 863523.518, 109
Trd, 863523.851, 87
Trd, 863524.134, 110
Trd, 863524.201, 104
Trd, 863524.318, 108
Trd, 863524.501, 115
Trd, 863524.901, 96
Trd, 863525.201, 121
Trd, 863525.884, 101
Trd, 863527.001, 106
Trd, 863527.251, 97
Trd, 863527.601, 101
Trd, 863527.684, 105
Trd, 863528.801, 93
Trd, 863528.968, 91
Trd, 863529.418, 93
Trd, 863529.468, 94
Trd, 863529.618, 95
Trd, 863529.651, 86
Trd, 863529.801, 105
Trd, 863530.001, 96
Trd, 863530.218, 95
Trd, 863530.351, 84
Trd, 863530.368, 107
Trd, 863531.051, 101
Trd, 863531.634, 110
Trd, 863532.568, 98
Trd, 863533.584, 90
Trd, 863533.951, 109
Trd, 863534.218, 90
Trd, 863534.501, 85
Trd, 863534.551, 99
Trd, 863535.051, 104
Trd, 863535.218, 111
Trd, 863535.301, 113
Trd, 863535.434, 115
Trd, 863535.901, 102
Trd, 863537.218, 100
Trd, 863537.618, 95
Trd, 863537.868, 100
Trd, 863538.051, 102
Trd, 863538.618, 94
Trd, 863538.801, 92
Trd, 863539.518, 84
Trd, 863539.968, 90
Trd, 863540.784, 108
Trd, 863540.834, 108
Trd, 863540.951, 109
Trd, 863541.218, 117
Trd, 863541.701, 86
Trd, 863542.034, 95
Trd, 863542.884, 99
Trd, 863543.351, 101
Trd, 863543.518, 97
Trd, 863543.734, 98
Trd, 863544.484, 98
Trd, 863545.301, 99
Trd, 863545.318, 87
Trd, 863546.168, 103
Trd, 863546.418, 93
Trd, 863546.534, 107
Trd, 863546.918, 95
Trd, 863546.968, 108
Trd, 863547.451, 105
Trd, 863548.251, 109
Trd, 863548.601, 103
Trd, 863549.184, 109
Trd, 863549.751, 108
Trd, 863550.584, 108
Trd, 863550.751, 106
Trd, 863550.801, 101
Trd, 863551.951, 101
Trd, 863552.168, 93
Trd, 863552.184, 92
Trd, 863552.734, 105
Trd, 863553.851, 102
Trd, 863554.384, 102
Trd, 863554.418, 106
Trd, 863554.501, 107
Trd, 863554.634, 96
Trd, 863556.101, 96
Trd, 863556.651, 95
Trd, 863557.001, 98
Trd, 863557.034, 107
Trd, 863557.534, 108
Trd, 863558.218, 93
Trd, 863558.284, 89
Trd, 863558.301, 88
Trd, 863559.218, 86
Trd, 863559.234, 90
Trd, 863559.251, 103
Trd, 863559.284, 83
Trd, 863559.384, 106
Trd, 863559.684, 102
Trd, 863559.968, 117
Trd, 863560.434, 101
Trd, 863561.518, 98
Trd, 863561.868, 106
Trd, 863562.018, 95
Trd, 863562.801, 105
Trd, 863563.501, 98
Trd, 863563.751, 104
Trd, 863563.884, 89
Trd, 863565.084, 87
Trd, 863565.718, 93
Trd, 863565.868, 86
Trd, 863565.884, 96
Trd, 863566.534, 89
Trd, 863567.051, 99
Trd, 863567.618, 99
Trd, 863568.851, 94
Trd, 863569.434, 90
Trd, 863569.601, 101
Trd, 863570.168, 105
Trd, 863570.651, 107
Trd, 863570.868, 91
Trd, 863570.951, 108
Trd, 863571.151, 97
Trd, 863571.418, 86
Trd, 863571.551, 85
Trd, 863572.401, 100
Trd, 863573.334, 98
Trd, 863573.601, 101
Trd, 863573.684, 101
Trd, 863575.201, 105
Trd, 863575.401, 106
Trd, 863575.668, 107
Trd, 863576.484, 100
Trd, 863577.118, 106
Trd, 863577.318, 111
Trd, 863577.868, 103
Trd, 863578.451, 108
Trd, 863578.568, 96
Trd, 863578.934, 100
Trd, 863579.251, 101
Trd, 863579.968, 114
Trd, 863580.384, 103
Trd, 863580.784, 109
Trd, 863581.084, 115
Trd, 863581.134, 117
Trd, 863581.234, 107
Trd, 863581.684, 106
Trd, 863582.318, 90
Trd, 863582.618, 90
Trd, 863582.984, 94
Trd, 863583.334, 99
Trd, 863584.501, 94
Trd, 863585.351, 93
Trd, 863585.484, 95
Trd, 863585.501, 86
Trd, 863585.934, 84
Trd, 863586.501, 92
Trd, 863586.918, 98
Trd, 863587.734, 99
Trd, 863588.034, 101
Trd, 863588.151, 90
Trd, 863588.534, 95
Trd, 863588.734, 104
Trd, 863589.218, 85
Trd, 863589.518, 110
Trd, 863590.101, 99
Trd, 863590.968, 100
Trd, 863591.368, 89
Trd, 863591.434, 96
Trd, 863591.601, 101
Trd, 863592.518, 100
Trd, 863592.868, 104
Trd, 863592.884, 109
Trd, 863592.901, 87
Trd, 863592.951, 87
Trd, 863593.484, 93
Trd, 863593.651, 110
Trd, 863594.101, 101
Trd, 863594.218, 96
Trd, 863594.351, 109
Trd, 863594.634, 115
Trd, 863595.718, 98
Trd, 863596.601, 101
Trd, 863596.834, 113
Trd, 863596.851, 112
Trd, 863597.001, 111
Trd, 863597.068, 116
Trd, 863598.318, 94
Trd, 863598.401, 86
Trd, 863598.551, 109
Trd, 863598.818, 98
Trd, 863599.051, 109
Trd, 863599.418, 112
Trd, 863599.901, 123
Trd, 863600.101, 116
Trd, 863600.501, 107
Trd, 863601.201, 93
Trd, 863601.318, 92
Trd, 863601.534, 102
Trd, 863601.584, 103
Trd, 863601.718, 107
Trd, 863603.201, 113
Trd, 863603.701, 95
Trd, 863604.468, 96
Trd, 863604.918, 92
Trd, 863605.301, 98
Trd, 863605.484, 114
Trd, 863606.568, 85
Trd, 863607.334, 92
Trd, 863607.584, 98
Trd, 863607.934, 115
Trd, 863608.101, 116
Trd, 863608.484, 94
Trd, 863609.268, 101
Trd, 863609.284, 105
Trd, 863610.318, 89
Trd, 863610.684, 94
Trd, 863610.751, 86
Trd, 863610.968, 99
Trd, 863611.401, 87
Trd, 863611.484, 96
Trd, 863612.334, 96
Trd, 863612.701, 99
Trd, 863613.751, 110
Trd, 863614.901, 114
Trd, 863615.568, 105
Trd, 863616.068, 106
Trd, 863616.551, 98
Trd, 863616.834, 94
Trd, 863616.951, 93
Trd, 863617.034, 102
Trd, 863617.184, 101
Trd, 863617.284, 110
Trd, 863618.468, 99
Trd, 863618.551, 114
Trd, 863619.284, 103
Trd, 863619.551, 116
Trd, 863619.884, 117
Trd, 863620.034, 114
Trd, 863620.401, 97
Trd, 863620.818, 96
Trd, 863620.851, 93
Trd, 863620.884, 92
Trd, 863621.401, 105
Trd, 863621.501, 113
Trd, 863622.051, 93
Trd, 863622.934, 98
Trd, 863623.184, 115
Trd, 863624.401, 100
Trd, 863624.451, 98
Trd, 863625.018, 102
Trd, 863626.434, 108
Trd, 863626.951, 104
Trd, 863627.134, 105
Trd, 863627.184, 101
Trd, 863627.351, 93
Trd, 863627.684, 89
Trd, 863628.018, 96
Trd, 863628.051, 101
Trd, 863628.118, 88
Trd, 863628.518, 96
Trd, 863628.968, 102
Trd, 863629.584, 92
Trd, 863629.968, 103
Trd, 863630.234, 105
Trd, 863631.001, 96
Trd, 863631.684, 95
Trd, 863631.851, 87
Trd, 863632.118, 83
Trd, 863632.218, 94
Trd, 863632.584, 99
Trd, 863632.818, 108
Trd, 863633.834, 111
Trd, 863634.001, 117
Trd, 863634.518, 97
Trd, 863634.884, 89
Trd, 863634.934, 99
Trd, 863635.584, 90
Trd, 863635.601, 93
Trd, 863636.451, 93
Trd, 863636.918, 93
Trd, 863637.884, 95
Trd, 863637.951, 98
Trd, 863638.501, 93
Trd, 863638.551, 109
Trd, 863638.984, 95
Trd, 863639.151, 100
Trd, 863639.451, 104
Trd, 863640.668, 89
Trd, 863640.818, 87
Trd, 863641.568, 89
Trd, 863642.034, 87
Trd, 863642.134, 85
Trd, 863642.651, 97
Trd, 863643.984, 94
Trd, 863644.151, 95
Trd, 863644.318, 89
Trd, 863645.634, 106
Trd, 863645.834, 106
Trd, 863646.651, 103
Trd, 863646.918, 100
Trd, 863647.201, 107
Trd, 863647.351, 109
Trd, 863647.668, 110
Trd, 863648.034, 98
Trd, 863648.801, 91
Trd, 863648.984, 94
Trd, 863649.334, 94
Trd, 863651.234, 90
Trd, 863651.534, 101
Trd, 863651.984, 96
Trd, 863652.351, 91
Trd, 863652.751, 94
Trd, 863652.984, 109
Trd, 863653.668, 89
Trd, 863653.751, 106
Trd, 863654.068, 84
Trd, 863654.218, 105
Trd, 863654.534, 114
Trd, 863654.834, 87
Trd, 863655.418, 109
Trd, 863656.851, 101
Trd, 863657.134, 89
Trd, 863657.284, 98
Trd, 863657.901, 90
Trd, 863658.184, 92
Trd, 863658.234, 93
Trd, 863658.468, 96
Trd, 863658.951, 85
Trd, 863659.068, 84
Trd, 863659.351, 106
Trd, 863659.601, 85
Trd, 863660.168, 90
Trd, 863660.751, 96
Trd, 863660.784, 111
Trd, 863661.318, 104
Trd, 863661.934, 106
Trd, 863662.101, 103
Trd, 863662.301, 102
Trd, 863663.068, 95
Trd, 863663.884, 105
Trd, 863664.184, 89
Trd, 863664.434, 111
Trd, 863664.484, 114
Trd, 863666.001, 99
Trd, 863666.151, 99
Trd, 863666.334, 108
Trd, 863666.651, 101
Trd, 863666.734, 110
Trd, 863666.818, 115
Trd, 863667.318, 95
Trd, 863667.368, 98
Trd, 863667.768, 94
Trd, 863667.934, 88
Trd, 863668.168, 90
Trd, 863670.584, 96
Trd, 863670.818, 114
Trd, 863671.084, 106
Trd, 863671.584, 96
Trd, 863671.601, 97
Trd, 863671.818, 85
Trd, 863671.851, 83
Trd, 863671.951, 96
Trd, 863672.534, 99
Trd, 863672.984, 94
Trd, 863673.951, 106
Trd, 863674.518, 109
Trd, 863675.518, 101
Trd, 863675.584, 100
Trd, 863675.818, 92
Trd, 863675.984, 104
Trd, 863676.018, 113
Trd, 863677.034, 98
Trd, 863678.384, 105
Trd, 863678.701, 101
Trd, 863678.751, 99
Trd, 863678.834, 91
Trd, 863679.034, 107
Trd, 863679.151, 90
Trd, 863679.484, 87
Trd, 863680.068, 106
Trd, 863680.668, 100
Trd, 863681.068, 105
Trd, 863681.451, 86
Trd, 863682.351, 104
Trd, 863682.834, 99
Trd, 863683.218, 109
Trd, 863683.234, 99
Trd, 863683.284, 88
Trd, 863684.484, 89
Trd, 863684.868, 90
Trd, 863685.684, 91
Trd, 863685.834, 95
Trd, 863687.184, 94
Trd, 863687.268, 95
Trd, 863687.368, 86
Trd, 863687.451, 85
Trd, 863687.468, 97
Trd, 863687.518, 85
Trd, 863687.534, 84
Trd, 863687.984, 107
Trd, 863689.018, 93
Trd, 863689.501, 95
Trd, 863689.551, 96
Trd, 863690.801, 95
Trd, 863690.884, 96
Trd, 863691.151, 100
Trd, 863691.234, 106
Trd, 863691.651, 96
Trd, 863691.834, 108
Trd, 863692.551, 96
Trd, 863693.301, 106
Trd, 863694.451, 107
Trd, 863694.501, 101
Trd, 863694.718, 110
Trd, 863694.984, 91
Trd, 863695.018, 108
Trd, 863695.351, 89
Trd, 863695.618, 111
Trd, 863695.801, 114
Trd, 863696.234, 106
Trd, 863696.718, 107
Trd, 863696.834, 90
Trd, 863697.784, 101
Trd, 863699.034, 107
Trd, 863699.734, 106
Trd, 863699.768, 103
Trd, 863700.001, 107
Trd, 863700.118, 101
Trd, 863700.134, 110
Trd, 863700.368, 115
Trd, 863700.518, 90
Trd, 863700.734, 89
Trd, 863701.634, 94
Trd, 863702.568, 94
Trd, 863703.218, 88
Trd, 863703.234, 86
Trd, 863703.351, 91
Trd, 863703.501, 95
Trd, 863704.068, 88
Trd, 863705.201, 88
Trd, 863706.401, 90
Trd, 863706.434, 93
Trd, 863707.301, 91
Trd, 863707.451, 88
Trd, 863707.468, 93
Trd, 863707.834, 83
Trd, 863708.468, 86
Trd, 863709.034, 98
Trd, 863709.218, 100
Trd, 863709.268, 103
Trd, 863709.684, 109
Trd, 863710.534, 98
Trd, 863711.568, 112
Trd, 863711.718, 101
Trd, 863712.318, 105
Trd, 863713.068, 92
Trd, 863713.501, 101
Trd, 863713.634, 105
Trd, 863713.701, 106
Trd, 863714.218, 89
Trd, 863714.401, 92
Trd, 863714.868, 93
Trd, 863715.318, 96
Trd, 863715.468, 107
Trd, 863715.484, 91
Trd, 863715.568, 107
Trd, 863716.784, 92
Trd, 863717.484, 88
Trd, 863717.984, 87
Trd, 863718.251, 85
Trd, 863718.384, 93
Trd, 863718.451, 96
Trd, 863718.484, 85
Trd, 863719.384, 93
Trd, 863719.534, 99
Trd, 863719.751, 103
Trd, 863720.451, 85
Trd, 863721.101, 84
Trd, 863721.234, 85
Trd, 863721.884, 83
Trd, 863722.801, 94
Trd, 863723.384, 84
Trd, 863723.534, 96
Trd, 863724.401, 98
Trd, 863724.484, 95
Trd, 863724.818, 85
Trd, 863725.368, 86
Trd, 863725.384, 95
Trd, 863726.284, 105
Trd, 863726.518, 108
Trd, 863726.901, 86
Trd, 863726.934, 104
Trd, 863727.251, 115
Trd, 863727.951, 95
Trd, 863728.201, 99
Trd, 863728.734, 99
Trd, 863730.284, 93
Trd, 863730.418, 96
Trd, 863730.434, 101
Trd, 863730.551, 105
Trd, 863731.034, 107
Trd, 863731.218, 110
Trd, 863732.334, 100
Trd, 863732.651, 106
Trd, 863732.684, 117
Trd, 863732.984, 102
Trd, 863733.101, 99
Trd, 863733.168, 92
Trd, 863733.701, 87
Trd, 863734.734, 93
Trd, 863735.101, 94
Trd, 863735.234, 98
Trd, 863735.834, 98
Trd, 863736.268, 95
Trd, 863736.618, 90
Trd, 863736.651, 85
Trd, 863736.901, 107
Trd, 863737.201, 101
Trd, 863737.518, 95
Trd, 863737.651, 96
Trd, 863738.484, 95
Trd, 863740.551, 93
Trd, 863741.001, 96
Trd, 863741.734, 92
Trd, 863742.384, 91
Trd, 863742.601, 95
Trd, 863743.334, 92
Trd, 863743.534, 105
Trd, 863744.034, 97
Trd, 863744.201, 106
Trd, 863744.968, 94
Trd, 863745.201, 107
Trd, 863745.301, 111
Trd, 863745.434, 110
Trd, 863745.818, 111
Trd, 863746.401, 89
Trd, 863746.768, 96
Trd, 863746.984, 89
Trd, 863747.184, 100
Trd, 863747.784, 100
Trd, 863748.618, 99
Trd, 863748.701, 115
Trd, 863749.184, 110
Trd, 863749.634, 101
Trd, 863749.651, 106
Trd, 863749.834, 95
Trd, 863751.218, 87
Trd, 863751.351, 96
Trd, 863751.918, 92
Trd, 863752.334, 94
Trd, 863752.451, 96
Trd, 863753.068, 98
Trd, 863753.401, 97
Trd, 863754.051, 95
Trd, 863754.201, 100
Trd, 863754.768, 110
Trd, 863755.168, 98
Trd, 863755.751, 85
Trd, 863756.084, 117
Trd, 863757.101, 100
Trd, 863758.151, 87
Trd, 863758.768, 90
Trd, 863759.001, 96
Trd, 863759.151, 98
Trd, 863759.184, 101
Trd, 863759.234, 109
Trd, 863759.618, 106
Trd, 863759.718, 91
Trd, 863760.601, 102
Trd, 863760.668, 92
Trd, 863760.868, 92
Trd, 863761.434, 90
Trd, 863761.984, 94
Trd, 863762.468, 95
Trd, 863762.601, 90
Trd, 863762.668, 105
Trd, 863763.651, 87
Trd, 863763.801, 91
Trd, 863763.951, 99
Trd, 863764.084, 100
Trd, 863764.684, 109
Trd, 863764.918, 110
Trd, 863765.284, 113
Trd, 863765.701, 96
Trd, 863767.001, 97
Trd, 863767.218, 115
Trd, 863767.484, 96
Trd, 863768.068, 94
Trd, 863768.434, 94
Trd, 863768.918, 101
Trd, 863769.751, 105
Trd, 863769.884, 97
Trd, 863769.951, 88
Trd, 863770.301, 109
Trd, 863771.418, 102
Trd, 863771.618, 110
Trd, 863771.834, 101
Trd, 863772.434, 93
Trd, 863773.051, 95
Trd, 863773.518, 93
Trd, 863773.618, 100
Trd, 863773.834, 91
Trd, 863773.851, 105
Trd, 863774.618, 89
Trd, 863775.268, 92
Trd, 863775.684, 95
Trd, 863775.784, 107
Trd, 863776.368, 112
Trd, 863776.484, 104
Trd, 863777.068, 104
Trd, 863777.701, 101
Trd, 863777.834, 107
Trd, 863777.984, 96
Trd, 863778.384, 110
Trd, 863779.101, 112
Trd, 863779.151, 93
Trd, 863779.184, 113
Trd, 863779.234, 90
Trd, 863781.451, 92
Trd, 863781.468, 91
Trd, 863781.484, 94
Trd, 863781.601, 98
Trd, 863781.651, 101
Trd, 863781.901, 94
Trd, 863782.351, 82
Trd, 863783.334, 79
Trd, 863783.418, 96
Trd, 863783.468, 79
Trd, 863783.801, 96
Trd, 863784.434, 95
Trd, 863784.468, 95
Trd, 863784.834, 100
Trd, 863785.101, 100
Trd, 863785.168, 109
Trd, 863785.318, 110
Trd, 863785.601, 86
Trd, 863785.951, 101
Trd, 863786.518, 88
Trd, 863786.918, 93
Trd, 863787.934, 94
Trd, 863788.134, 93
Trd, 863788.868, 101
Trd, 863788.968, 106
Trd, 863789.634, 93
Trd, 863791.368, 95
Trd, 863791.484, 98
Trd, 863791.718, 92
Trd, 863792.018, 82
Trd, 863792.501, 93
Trd, 863793.368, 89
Trd, 863794.184, 100
Trd, 863794.734, 112
Trd, 863795.634, 95
Trd, 863795.818, 93
Trd, 863796.151, 104
Trd, 863796.168, 92
Trd, 863796.284, 90
Trd, 863796.318, 107
Trd, 863796.334, 110
Trd, 863797.501, 96
Trd, 863797.634, 97
Trd, 863797.668, 99
Trd, 863797.768, 109
Trd, 863798.168, 113
Trd, 863798.468, 94
Trd, 863798.734, 95
Trd, 863799.401, 92
Trd, 863799.918, 98
Trd, 863800.118, 90
Trd, 863801.001, 102
Trd, 863801.251, 110
Trd, 863801.584, 101
Trd, 863802.634, 94
Trd, 863802.768, 96
Trd, 863803.768, 104
Trd, 863803.934, 108
Trd, 863804.518, 117
Trd, 863804.534, 104
Trd, 863804.751, 102
Trd, 863805.484, 116
Trd, 863805.668, 110
Trd, 863805.934, 104
Trd, 863806.568, 105
Trd, 863807.251, 106
Trd, 863808.018, 94
Trd, 863808.401, 89
Trd, 863808.901, 92
Trd, 863809.401, 95
Trd, 863809.568, 90
Trd, 863810.018, 99
Trd, 863810.151, 104
Trd, 863810.201, 94
Trd, 863810.901, 97
Trd, 863811.134, 113
Trd, 863812.101, 86
Trd, 863812.251, 93
Trd, 863812.651, 95
Trd, 863813.051, 117
Trd, 863813.984, 101
Trd, 863814.168, 102
Trd, 863814.368, 86
Trd, 863814.751, 99
Trd, 863815.084, 88
Trd, 863815.668, 96
Trd, 863817.084, 85
Trd, 863817.551, 94
Trd, 863817.751, 84
Trd, 863817.901, 98
Trd, 863818.268, 95
Trd, 863818.284, 85
Trd, 863818.568, 86
Trd, 863818.784, 93
Trd, 863820.418, 96
Trd, 863820.551, 101
Trd, 863820.584, 90
Trd, 863820.618, 98
Trd, 863820.868, 96
Trd, 863821.434, 92
Trd, 863822.084, 93
Trd, 863822.634, 96
Trd, 863822.751, 87
Trd, 863822.884, 103
Trd, 863823.351, 115
Trd, 863823.618, 87
Trd, 863824.034, 106
Trd, 863824.651, 101
Trd, 863825.218, 108
Trd, 863825.684, 115
Trd, 863825.784, 115
Trd, 863825.868, 90
Trd, 863826.384, 115
Trd, 863827.584, 95
Trd, 863827.768, 94
Trd, 863827.901, 91
Trd, 863828.118, 95
Trd, 863828.518, 88
Trd, 863828.884, 86
Trd, 863828.951, 93
Trd, 863829.434, 95
Trd, 863829.768, 95
Trd, 863830.568, 104
Trd, 863831.118, 95
Trd, 863831.301, 95
Trd, 863831.684, 102
Trd, 863831.918, 90
Trd, 863832.418, 99
Trd, 863833.401, 92
Trd, 863833.534, 99
Trd, 863833.868, 107
Trd, 863833.951, 91
Trd, 863835.018, 108
Trd, 863835.301, 108
Trd, 863835.734, 105
Trd, 863835.918, 101
Trd, 863836.134, 98
Trd, 863836.318, 89
Trd, 863836.851, 109
Trd, 863837.234, 101
Trd, 863838.168, 99
Trd, 863838.384, 97
Trd, 863838.601, 103
Trd, 863839.018, 106
Trd, 863839.584, 86
Trd, 863840.251, 108
Trd, 863840.651, 114
Trd, 863840.701, 114
Trd, 863840.801, 115
Trd, 863841.001, 88
Trd, 863841.051, 87
Trd, 863841.851, 94
Trd, 863842.101, 106
Trd, 863842.784, 93
Trd, 863844.184, 95
Trd, 863844.218, 96
Trd, 863844.684, 97
Trd, 863844.718, 91
Trd, 863844.818, 100
Trd, 863845.184, 88
Trd, 863845.201, 85
Trd, 863845.234, 105
Trd, 863845.701, 99
Trd, 863845.868, 110
Trd, 863846.234, 93
Trd, 863846.434, 113
Trd, 863847.184, 114
Trd, 863847.551, 101
Trd, 863847.901, 110
Trd, 863848.051, 110
Trd, 863848.101, 96
Trd, 863848.401, 98
Trd, 863849.484, 94
Trd, 863849.518, 97
Trd, 863849.818, 98
Trd, 863850.518, 90
Trd, 863850.734, 87
Trd, 863850.918, 93
Trd, 863852.268, 106
Trd, 863852.334, 113
Trd, 863852.368, 116
Trd, 863852.618, 118
Trd, 863852.884, 97
Trd, 863854.201, 106
Trd, 863854.934, 93
Trd, 863855.301, 97
Trd, 863856.101, 109
Trd, 863856.784, 101
Trd, 863856.851, 110
Trd, 863857.051, 87
Trd, 863857.784, 90
Trd, 863858.151, 96
Trd, 863858.534, 89
Trd, 863859.501, 89
Trd, 863859.784, 94
Trd, 863859.918, 84
Trd, 863860.051, 95
Trd, 863860.184, 100
Trd, 863860.234, 100
Trd, 863860.334, 109
Trd, 863860.618, 109
Trd, 863860.918, 116
Trd, 863862.818, 98
Trd, 863863.318, 99
Trd, 863863.601, 102
Trd, 863864.101, 102
Trd, 863864.234, 101
Trd, 863864.434, 99
Trd, 863866.134, 89
Trd, 863866.884, 104
Trd, 863866.968, 105
Trd, 863867.134, 84
Trd, 863867.518, 90
Trd, 863868.051, 102
Trd, 863868.201, 105
Trd, 863868.734, 92
Trd, 863869.034, 101
Trd, 863869.384, 97
Trd, 863869.434, 102
Trd, 863869.718, 109
Trd, 863869.884, 111
Trd, 863870.318, 113
Trd, 863870.384, 112
Trd, 863870.584, 115
Trd, 863873.051, 88
Trd, 863873.284, 99
Trd, 863873.718, 101
Trd, 863874.084, 96
Trd, 863874.368, 97
Trd, 863874.384, 94
Trd, 863874.734, 85
Trd, 863875.051, 92
Trd, 863875.201, 97
Trd, 863875.234, 106
Trd, 863875.568, 104
Trd, 863876.418, 97
Trd, 863876.534, 114
Trd, 863876.751, 93
Trd, 863877.401, 90
Trd, 863877.868, 97
Trd, 863877.918, 100
Trd, 863878.551, 111
Trd, 863878.718, 113
Trd, 863879.101, 114
Trd, 863879.551, 107
Trd, 863879.784, 106
Trd, 863879.868, 86
Trd, 863881.534, 93
Trd, 863881.651, 93
Trd, 863881.718, 92
Trd, 863881.968, 99
Trd, 863882.151, 102
Trd, 863883.534, 105
Trd, 863883.718, 107
Trd, 863883.784, 110
Trd, 863884.068, 118
Trd, 863884.884, 114
Trd, 863885.134, 100
Trd, 863886.984, 91
Trd, 863887.168, 96
Trd, 863887.684, 95
Trd, 863887.701, 90
Trd, 863887.951, 85
Trd, 863888.051, 94
Trd, 863888.234, 96
Trd, 863888.268, 85
Trd, 863888.768, 82
Trd, 863888.918, 103
Trd, 863889.034, 104
Trd, 863889.268, 106
Trd, 863890.618, 87
Trd, 863890.651, 104
Trd, 863890.768, 87
Trd, 863891.018, 85
Trd, 863891.418, 106
Trd, 863891.784, 105
Trd, 863892.218, 110
Trd, 863892.334, 100
Trd, 863892.718, 114
Trd, 863894.318, 113
Trd, 863894.451, 117
Trd, 863894.934, 119
Trd, 863895.251, 103
Trd, 863895.418, 101
Trd, 863895.934, 101
Trd, 863895.968, 103
Trd, 863896.051, 100
Trd, 863896.518, 109
Trd, 863896.701, 97
Trd, 863897.234, 115
Trd, 863897.584, 101
Trd, 863897.901, 115
Trd, 863898.268, 97
Trd, 863898.368, 93
Trd, 863898.484, 86
Trd, 863899.201, 101
Trd, 863899.234, 98
Trd, 863899.334, 85
Trd, 863899.534, 102
Trd, 863899.551, 98
Trd, 863899.934, 80
Trd, 863900.418, 98
Trd, 863902.351, 99
Trd, 863902.501, 101
Trd, 863903.101, 98
Trd, 863903.201, 103
Trd, 863903.884, 92
Trd, 863904.884, 106
Trd, 863904.918, 111
Trd, 863905.818, 96
Trd, 863906.118, 96
Trd, 863906.168, 94
Trd, 863906.568, 102
Trd, 863906.918, 109
Trd, 863907.284, 101
Trd, 863907.768, 97
Trd, 863907.951, 107
Trd, 863908.584, 95
Trd, 863908.834, 99
Trd, 863909.368, 99
Trd, 863911.034, 97
Trd, 863911.134, 97
Trd, 863911.251, 96
Trd, 863911.801, 88
Trd, 863912.068, 85
Trd, 863912.118, 97
Trd, 863912.501, 110
Trd, 863912.701, 102
Trd, 863913.218, 102
Trd, 863913.734, 98
Trd, 863914.168, 93
Trd, 863914.184, 94
Trd, 863914.501, 103
Trd, 863914.784, 103
Trd, 863914.884, 104
Trd, 863915.334, 108
Trd, 863915.668, 100
Trd, 863916.001, 94
Trd, 863916.151, 92
Trd, 863916.184, 97
Trd, 863916.851, 109
Trd, 863917.601, 103
Trd, 863918.251, 94
Trd, 863918.784, 95
Trd, 863919.101, 98
Trd, 863919.534, 99
Trd, 863919.634, 100
Trd, 863919.901, 90
Trd, 863920.001, 89
Trd, 863920.018, 104
Trd, 863920.718, 85
Trd, 863920.934, 93
Trd, 863921.101, 94
Trd, 863921.834, 99
Trd, 863922.618, 90
Trd, 863923.634, 95
Trd, 863924.434, 98
Trd, 863924.601, 94
Trd, 863924.934, 90
Trd, 863925.251, 107
Trd, 863925.618, 90
Trd, 863925.668, 86
Trd, 863926.284, 102
Trd, 863927.034, 113
Trd, 863927.484, 100
Trd, 863927.618, 100
Trd, 863927.718, 96
Trd, 863928.401, 96
Trd, 863928.451, 98
Trd, 863929.551, 85
Trd, 863930.351, 100
Trd, 863930.368, 105
Trd, 863930.751, 92
Trd, 863931.618, 102
Trd, 863933.151, 89
Trd, 863933.401, 93
Trd, 863933.468, 98
Trd, 863933.834, 91
Trd, 863934.268, 100
Trd, 863934.384, 115
Trd, 863935.151, 93
Trd, 863935.484, 87
Trd, 863935.901, 97
Trd, 863936.401, 90
Trd, 863936.468, 93
Trd, 863936.901, 102
Trd, 863938.034, 107
Trd, 863938.801, 106
Trd, 863938.834, 95
Trd, 863939.168, 107
Trd, 863939.518, 90
Trd, 863939.901, 100
Trd, 863940.518, 105
Trd, 863940.701, 107
Trd, 863940.868, 104
Trd, 863941.268, 97
Trd, 863941.501, 106
Trd, 863941.634, 93
Trd, 863942.684, 89
Trd, 863942.918, 102
Trd, 863943.234, 85
Trd, 863943.651, 104
Trd, 863944.368, 93
Trd, 863944.868, 97
Trd, 863944.918, 92
Trd, 863945.118, 108
Trd, 863945.718, 99
Trd, 863945.951, 100
Trd, 863946.518, 105
Trd, 863946.984, 103
Trd, 863947.851, 106
Trd, 863948.151, 110
Trd, 863948.401, 104
Trd, 863948.518, 102
Trd, 863948.718, 111
Trd, 863948.751, 103
Trd, 863949.251, 101
Trd, 863949.351, 87
Trd, 863949.468, 106
Trd, 863949.651, 102
Trd, 863950.501, 101
Trd, 863950.668, 82
Trd, 863950.801, 86
Trd, 863951.751, 98
Trd, 863952.818, 96
Trd, 863952.884, 88
Trd, 863953.351, 95
Trd, 863953.901, 101
Trd, 863954.701, 96
Trd, 863954.801, 107
Trd, 863955.068, 102
Trd, 863955.218, 94
Trd, 863956.068, 94
Trd, 863956.284, 102
Trd, 863956.401, 105
Trd, 863956.668, 109
Trd, 863956.801, 113
Trd, 863957.368, 96
Trd, 863957.568, 104
Trd, 863958.218, 97
Trd, 863958.301, 102
Trd, 863958.584, 95
Trd, 863959.601, 99
Trd, 863960.134, 97
Trd, 863960.218, 104
Trd, 863960.651, 96
Trd, 863961.551, 110
Trd, 863962.151, 111
Trd, 863962.451, 105
Trd, 863962.468, 104
Trd, 863963.401, 93
Trd, 863963.451, 94
Trd, 863963.634, 105
Trd, 863964.351, 92
Trd, 863964.468, 101
Trd, 863965.351, 96
Trd, 863966.768, 93
Trd, 863967.901, 93
Trd, 863968.168, 98
Trd, 863968.184, 89
Trd, 863968.484, 107
Trd, 863968.651, 106
Trd, 863968.884, 99
Trd, 863969.651, 103
Trd, 863969.868, 96
Trd, 863970.118, 101
Trd, 863970.184, 94
Trd, 863970.351, 110
Trd, 863970.618, 90
Trd, 863970.884, 106
Trd, 863971.434, 83
Trd, 863971.568, 83
Trd, 863971.618, 107
Trd, 863972.234, 114
Trd, 863972.418, 95
Trd, 863972.484, 118
Trd, 863972.934, 121
Trd, 863973.318, 84
Trd, 863973.384, 95
Trd, 863974.401, 86
Trd, 863974.784, 116
Trd, 863975.334, 91
Trd, 863975.451, 93
Trd, 863975.484, 100
Trd, 863975.784, 94
Trd, 863976.051, 102
Trd, 863976.534, 94
Trd, 863976.784, 100
Trd, 863976.818, 93
Trd, 863977.084, 107
Trd, 863977.218, 115
Trd, 863977.551, 111
Trd, 863979.318, 101
Trd, 863979.334, 99
Trd, 863979.901, 94
Trd, 863980.668, 103
Trd, 863980.784, 102
Trd, 863981.051, 94
Trd, 863981.751, 114
Trd, 863981.951, 100
Trd, 863982.301, 104
Trd, 863982.601, 109
Trd, 863983.168, 99
Trd, 863983.284, 86
Trd, 863983.468, 106
Trd, 863983.751, 110
Trd, 863983.918, 85
Trd, 863984.318, 91
Trd, 863984.551, 104
Trd, 863986.601, 94
Trd, 863986.801, 97
Trd, 863987.268, 103
Trd, 863987.484, 94
Trd, 863987.801, 100
Trd, 863987.868, 106
Trd, 863988.084, 100
Trd, 863988.751, 111
Trd, 863989.701, 92
Trd, 863990.068, 93
Trd, 863990.334, 91
Trd, 863990.568, 94
Trd, 863991.051, 90
Trd, 863991.584, 101
Trd, 863991.834, 93
Trd, 863992.001, 95
Trd, 863992.234, 91
Trd, 863992.684, 96
Trd, 863993.434, 103
Trd, 863993.568, 86
Trd, 863994.401, 93
Trd, 863994.901, 100
Trd, 863995.051, 90
Trd, 863995.318, 102
Trd, 863995.551, 103
Trd, 863995.718, 94
Trd, 863995.934, 106
Trd, 863996.668, 90
Trd, 863997.618, 86
Trd, 863997.734, 97
Trd, 863997.784, 100
Trd, 863998.101, 105
Trd, 863998.384, 109
Trd, 863999.318, 107
Trd, 863999.418, 106
