Trd, 863316.018, 120
Trd, 863316.584, 98
Trd, 863316.901, 111
Trd, 863317.768, 97
Trd, 863317.784, 95
Trd, 863318.234, 90
Trd, 863318.801, 107
Trd, 863318.918, 109
Trd, 863319.534, 107
Trd, 863319.684, 102
Trd, 863319.834, 98
Trd, 863320.368, 109
Trd, 863320.418, 110
Trd, 863320.768, 98
Trd, 863320.968, 95
Trd, 863321.168, 114
Trd, 863321.884, 93
Trd, 863321.951, 111
Trd, 863322.068, 88
Trd, 863323.168, 93
Trd, 863323.218, 87
Trd, 863323.834, 90
Trd, 863324.718, 113
Trd, 863324.901, 105
Trd, 863324.968, 114
Trd, 863325.068, 104
Trd, 863325.351, 97
Trd, 863325.751, 104
Trd, 863325.868, 92
Trd, 863325.984, 93
Trd, 863326.101, 83
Trd, 863326.534, 87
Trd, 863326.884, 87
Trd, 863326.968, 92
Trd, 863327.234, 93
Trd, 863328.601, 109
Trd, 863329.184, 100
Trd, 863329.201, 98
Trd, 863329.301, 91
Trd, 863329.368, 102
Trd, 863329.734, 91
Trd, 863329.968, 89
Trd, 863331.201, 90
Trd, 863331.684, 92
Trd, 863332.284, 104
Trd, 863332.501, 96
Trd, 863332.851, 112
Trd, 863333.351, 113
Trd, 863333.518, 111
Trd, 863333.601, 110
Trd, 863334.051, 94
Trd, 863334.151, 116
Trd, 863334.668, 109
Trd, 863334.768, 96
Trd, 863335.001, 116
Trd, 863335.351, 111
Trd, 863336.701, 109
Trd, 863337.334, 112
Trd, 863337.984, 112
Trd, 863338.101, 113
Trd, 863338.201, 116
Trd, 863338.234, 94
Trd, 863338.334, 93
Trd, 863338.368, 89
Trd, 863338.951, 116
Trd, 863338.968, 109
Trd, 863339.651, 112
Trd, 863339.834, 112
Trd, 863340.034, 117
Trd, 863340.401, 96
Trd, 863340.568, 99
Trd, 863341.551, 109
Trd, 863341.868, 108
Trd, 863342.134, 98
Trd, 863342.551, 89
Trd, 863343.501, 86
Trd, 863343.568, 89
Trd, 863343.634, 90
Trd, 863344.634, 108
Trd, 863344.818, 116
Trd, 863344.884, 104
Trd, 863345.201, 103
Trd, 863345.818, 95
Trd, 863346.084, 94
Trd, 863347.034, 109
Trd, 863347.051, 93
Trd, 863347.468, 113
Trd, 863347.568, 115
Trd, 863348.051, 94
Trd, 863348.868, 100
Trd, 863349.218, 119
Trd, 863349.651, 112
Trd, 863349.701, 101
Trd, 863349.801, 101
Trd, 863350.118, 97
Trd, 863350.401, 96
Trd, 863351.084, 96
Trd, 863351.484, 88
Trd, 863352.284, 103
Trd, 863352.468, 83
Trd, 863352.734, 99
Trd, 863354.184, 94
Trd, 863354.218, 98
Trd, 863354.418, 100
Trd, 863354.584, 94
Trd, 863354.784, 93
Trd, 863354.968, 102
Trd, 863355.268, 103
Trd, 863355.368, 91
Trd, 863356.284, 108
Trd, 863356.468, 96
Trd, 863356.518, 92
Trd, 863357.234, 112
Trd, 863357.334, 117
Trd, 863357.484, 102
Trd, 863357.551, 118
Trd, 863358.284, 108
Trd, 863358.384, 126
Trd, 863359.068, 116
Trd, 863359.218, 109
Trd, 863359.418, 118
Trd, 863360.084, 110
Trd, 863360.268, 109
Trd, 863360.334, 120
Trd, 863360.851, 119
Trd, 863361.284, 111
Trd, 863361.301, 110
Trd, 863361.518, 109
Trd, 863362.168, 96
Trd, 863362.234, 93
Trd, 863362.551, 107
Trd, 863362.918, 94
Trd, 863363.268, 98
Trd, 863363.618, 87
Trd, 863364.268, 121
Trd, 863364.568, 101
Trd, 863364.651, 94
Trd, 863364.801, 99
Trd, 863365.618, 90
Trd, 863365.868, 83
Trd, 863365.968, 82
Trd, 863366.334, 116
Trd, 863366.584, 109
Trd, 863367.268, 111
Trd, 863367.851, 116
Trd, 863368.001, 109
Trd, 863368.334, 111
Trd, 863369.218, 94
Trd, 863369.368, 116
Trd, 863370.051, 111
Trd, 863370.151, 109
Trd, 863370.551, 107
Trd, 863370.968, 111
Trd, 863371.068, 107
Trd, 863371.851, 107
Trd, 863372.084, 106
Trd, 863373.051, 104
Trd, 863373.134, 99
Trd, 863373.318, 95
Trd, 863373.418, 118
Trd, 863373.501, 94
Trd, 863373.751, 95
Trd, 863374.201, 94
Trd, 863374.234, 93
Trd, 863374.334, 99
Trd, 863374.851, 123
Trd, 863375.451, 125
Trd, 863375.984, 108
Trd, 863376.651, 121
Trd, 863376.701, 102
Trd, 863376.768, 122
Trd, 863378.184, 103
Trd, 863378.268, 102
Trd, 863378.634, 97
Trd, 863378.701, 93
Trd, 863378.768, 117
Trd, 863379.234, 92
Trd, 863379.468, 119
Trd, 863380.151, 99
Trd, 863380.834, 107
Trd, 863381.101, 110
Trd, 863381.151, 109
Trd, 863382.068, 110
Trd, 863382.118, 96
Trd, 863382.134, 94
Trd, 863382.368, 121
Trd, 863382.718, 94
Trd, 863382.784, 93
Trd, 863383.534, 120
Trd, 863384.518, 106
Trd, 863385.351, 107
Trd, 863385.601, 106
Trd, 863385.618, 104
Trd, 863386.518, 98
Trd, 863387.084, 100
Trd, 863387.101, 96
Trd, 863387.618, 107
Trd, 863387.901, 106
Trd, 863387.934, 109
Trd, 863388.234, 98
Trd, 863388.618, 98
Trd, 863389.084, 107
Trd, 863390.118, 94
Trd, 863390.301, 95
Trd, 863390.768, 100
Trd, 863391.518, 106
Trd, 863392.018, 107
Trd, 863392.068, 115
Trd, 863392.251, 94
Trd, 863392.451, 93
Trd, 863392.984, 92
Trd, 863393.984, 105
Trd, 863394.084, 104
Trd, 863394.118, 100
Trd, 863395.034, 103
Trd, 863395.284, 100
Trd, 863395.584, 109
Trd, 863396.518, 107
Trd, 863397.001, 89
Trd, 863397.301, 88
Trd, 863397.384, 95
Trd, 863397.784, 107
Trd, 863397.868, 97
Trd, 863398.184, 106
Trd, 863398.534, 107
Trd, 863398.684, 102
Trd, 863398.784, 108
Trd, 863398.934, 109
Trd, 863399.001, 101
Trd, 863399.601, 109
Trd, 863399.801, 98
Trd, 863400.634, 94
Trd, 863401.668, 113
Trd, 863401.801, 114
Trd, 863401.851, 112
Trd, 863402.084, 93
Trd, 863402.118, 91
Trd, 863402.518, 99
Trd, 863403.201, 97
Trd, 863403.651, 108
Trd, 863404.384, 110
Trd, 863404.768, 110
Trd, 863404.934, 111
Trd, 863405.201, 109
Trd, 863405.651, 109
Trd, 863405.768, 100
Trd, 863406.751, 109
Trd, 863406.901, 111
Trd, 863406.984, 106
Trd, 863407.184, 98
Trd, 863407.318, 90
Trd, 863407.551, 88
Trd, 863407.768, 118
Trd, 863407.884, 84
Trd, 863408.551, 121
Trd, 863409.418, 120
Trd, 863410.418, 110
Trd, 863410.868, 110
Trd, 863411.001, 120
Trd, 863411.084, 109
Trd, 863411.351, 98
Trd, 863411.751, 119
Trd, 863412.151, 98
Trd, 863413.218, 112
Trd, 863413.434, 119
Trd, 863413.634, 117
Trd, 863413.918, 104
Trd, 863414.168, 95
Trd, 863414.534, 108
Trd, 863414.568, 93
Trd, 863414.934, 90
Trd, 863415.418, 114
Trd, 863415.918, 95
Trd, 863415.934, 94
Trd, 863416.001, 88
Trd, 863416.401, 107
Trd, 863416.601, 93
Trd, 863417.684, 117
Trd, 863417.851, 95
Trd, 863418.034, 90
Trd, 863418.184, 97
Trd, 863419.401, 100
Trd, 863419.551, 101
Trd, 863419.684, 99
Trd, 863420.234, 110
Trd, 863421.101, 109
Trd, 863421.501, 105
Trd, 863422.318, 106
Trd, 863422.401, 99
Trd, 863422.451, 89
Trd, 863422.901, 90
Trd, 863422.951, 97
Trd, 863423.068, 118
Trd, 863423.284, 106
Trd, 863423.684, 100
Trd, 863424.068, 92
Trd, 863424.268, 106
Trd, 863424.334, 105
Trd, 863425.651, 107
Trd, 863426.001, 106
Trd, 863426.168, 98
Trd, 863426.468, 114
Trd, 863426.801, 115
Trd, 863427.734, 96
Trd, 863428.434, 109
Trd, 863428.584, 119
Trd, 863429.001, 119
Trd, 863430.151, 117
Trd, 863430.301, 101
Trd, 863430.451, 105
Trd, 863430.568, 99
Trd, 863430.684, 98
Trd, 863431.101, 109
Trd, 863431.801, 107
Trd, 863432.268, 103
Trd, 863432.868, 112
Trd, 863433.434, 105
Trd, 863433.651, 104
Trd, 863434.634, 97
Trd, 863435.034, 111
Trd, 863435.268, 97
Trd, 863435.701, 96
Trd, 863436.234, 110
Trd, 863436.318, 112
Trd, 863436.418, 113
Trd, 863436.868, 120
Trd, 863437.118, 107
Trd, 863437.934, 98
Trd, 863438.401, 118
Trd, 863438.751, 102
Trd, 863438.968, 97
Trd, 863439.084, 97
Trd, 863439.968, 98
Trd, 863440.068, 108
Trd, 863440.218, 97
Trd, 863440.384, 96
Trd, 863440.684, 109
Trd, 863440.934, 109
Trd, 863441.284, 95
Trd, 863441.351, 93
Trd, 863441.984, 85
Trd, 863442.851, 95
Trd, 863442.868, 101
Trd, 863442.884, 82
Trd, 863443.584, 105
Trd, 863444.484, 100
Trd, 863445.318, 96
Trd, 863445.734, 112
Trd, 863446.084, 97
Trd, 863446.451, 109
Trd, 863447.184, 105
Trd, 863447.384, 107
Trd, 863447.401, 90
Trd, 863447.651, 125
Trd, 863447.734, 101
Trd, 863448.068, 97
Trd, 863448.368, 96
Trd, 863448.701, 107
Trd, 863448.718, 111
Trd, 863448.834, 106
Trd, 863448.934, 111
Trd, 863449.451, 100
Trd, 863449.768, 121
Trd, 863450.501, 121
Trd, 863450.584, 98
Trd, 863450.701, 98
Trd, 863451.784, 95
Trd, 863452.251, 94
Trd, 863452.468, 93
Trd, 863453.118, 93
Trd, 863453.134, 95
Trd, 863453.218, 90
Trd, 863453.684, 87
Trd, 863454.968, 115
Trd, 863455.134, 106
Trd, 863455.368, 100
Trd, 863456.434, 110
Trd, 863456.934, 115
Trd, 863457.201, 103
Trd, 863457.434, 115
Trd, 863457.468, 109
Trd, 863457.601, 118
Trd, 863458.134, 104
Trd, 863458.368, 103
Trd, 863458.451, 95
Trd, 863458.668, 92
Trd, 863459.068, 95
Trd, 863459.351, 96
Trd, 863459.484, 92
Trd, 863459.884, 96
Trd, 863460.384, 98
Trd, 863460.701, 104
Trd, 863460.734, 119
Trd, 863461.784, 93
Trd, 863461.868, 119
Trd, 863462.134, 108
Trd, 863463.368, 109
Trd, 863463.568, 108
Trd, 863463.618, 110
Trd, 863464.234, 110
Trd, 863464.734, 103
Trd, 863464.751, 101
Trd, 863464.934, 100
Trd, 863465.018, 105
Trd, 863465.618, 99
Trd, 863465.851, 99
Trd, 863466.734, 94
Trd, 863466.918, 97
Trd, 863467.468, 109
Trd, 863467.618, 89
Trd, 863467.634, 111
Trd, 863468.834, 103
Trd, 863468.918, 102
Trd, 863468.934, 92
Trd, 863469.251, 92
Trd, 863470.451, 99
Trd, 863471.018, 105
Trd, 863471.301, 96
Trd, 863471.418, 94
Trd, 863471.634, 95
Trd, 863471.684, 106
Trd, 863471.818, 107
Trd, 863471.868, 86
Trd, 863472.118, 81
Trd, 863472.634, 83
Trd, 863472.651, 90
Trd, 863472.684, 112
Trd, 863473.384, 87
Trd, 863474.701, 103
Trd, 863475.068, 99
Trd, 863476.834, 100
Trd, 863476.868, 98
Trd, 863477.051, 95
Trd, 863477.334, 93
Trd, 863478.018, 90
Trd, 863478.218, 98
Trd, 863478.418, 98
Trd, 863478.668, 95
Trd, 863478.734, 94
Trd, 863479.401, 93
Trd, 863479.918, 90
Trd, 863480.001, 97
Trd, 863480.168, 93
Trd, 863480.468, 92
Trd, 863480.701, 98
Trd, 863480.718, 92
Trd, 863481.034, 111
Trd, 863482.034, 110
Trd, 863482.334, 118
Trd, 863482.584, 109
Trd, 863482.684, 118
Trd, 863483.784, 96
Trd, 863483.801, 100
Trd, 863484.101, 120
Trd, 863484.118, 93
Trd, 863484.734, 120
Trd, 863485.234, 108
Trd, 863485.434, 105
Trd, 863485.484, 93
Trd, 863485.934, 95
Trd, 863486.101, 109
Trd, 863486.134, 92
Trd, 863487.168, 95
Trd, 863487.451, 92
Trd, 863487.684, 95
Trd, 863487.918, 92
Trd, 863488.284, 93
Trd, 863488.484, 98
Trd, 863489.768, 97
Trd, 863490.251, 95
Trd, 863490.851, 96
Trd, 863490.918, 90
Trd, 863490.984, 83
Trd, 863491.118, 98
Trd, 863492.184, 92
Trd, 863492.601, 100
Trd, 863492.618, 98
Trd, 863493.251, 108
Trd, 863493.551, 106
Trd, 863494.018, 95
Trd, 863494.451, 108
Trd, 863494.701, 113
Trd, 863495.268, 98
Trd, 863496.101, 104
Trd, 863496.218, 103
Trd, 863496.284, 102
Trd, 863496.568, 117
Trd, 863496.601, 99
Trd, 863496.634, 117
Trd, 863496.934, 97
Trd, 863497.518, 110
Trd, 863497.734, 108
Trd, 863498.601, 93
Trd, 863498.751, 98
Trd, 863498.918, 98
Trd, 863499.168, 90
Trd, 863499.568, 102
Trd, 863500.184, 93
Trd, 863500.784, 90
Trd, 863501.234, 87
Trd, 863501.618, 109
Trd, 863501.851, 110
Trd, 863501.984, 113
Trd, 863502.401, 111
Trd, 863502.501, 110
Trd, 863502.634, 109
Trd, 863502.951, 120
Trd, 863504.468, 117
Trd, 863504.801, 102
Trd, 863504.884, 101
Trd, 863505.268, 101
Trd, 863505.284, 93
Trd, 863505.484, 94
Trd, 863505.551, 93
Trd, 863505.784, 85
Trd, 863507.034, 104
Trd, 863507.284, 98
Trd, 863507.768, 99
Trd, 863507.851, 104
Trd, 863508.001, 104
Trd, 863508.418, 98
Trd, 863508.901, 103
Trd, 863508.968, 105
Trd, 863509.051, 96
Trd, 863509.684, 94
Trd, 863510.351, 95
Trd, 863511.318, 96
Trd, 863511.384, 93
Trd, 863511.984, 99
Trd, 863512.051, 106
Trd, 863513.318, 91
Trd, 863513.434, 90
Trd, 863514.151, 109
Trd, 863514.301, 110
Trd, 863514.484, 95
Trd, 863515.051, 92
Trd, 863515.168, 109
Trd, 863515.234, 110
Trd, 863515.351, 92
Trd, 863516.568, 91
Trd, 863516.934, 99
Trd, 863517.784, 91
Trd, 863517.834, 107
Trd, 863517.851, 114
Trd, 863518.918, 93
Trd, 863519.284, 93
Trd, 863519.368, 95
Trd, 863519.634, 115
Trd, 863520.351, 109
Trd, 863520.451, 101
Trd, 863520.634, 94
Trd, 863521.168, 94
Trd, 863521.251, 112
Trd, 863521.268, 93
Trd, 863521.318, 90
Trd, 863521.584, 106
Trd, 863522.218, 110
Trd, 863523.084, 106
Trd, 863523.484, 99
Trd, 863523.884, 97
Trd, 863523.984, 95
Trd, 863524.268, 88
Trd, 863524.401, 104
Trd, 863524.618, 101
Trd, 863524.751, 109
Trd, 863525.184, 95
Trd, 863526.084, 101
Trd, 863526.584, 93
Trd, 863526.834, 96
Trd, 863527.451, 103
Trd, 863528.218, 99
Trd, 863528.451, 98
Trd, 863528.684, 99
Trd, 863528.734, 107
Trd, 863529.268, 93
Trd, 863529.551, 90
Trd, 863530.118, 95
Trd, 863530.218, 106
Trd, 863531.068, 89
Trd, 863531.684, 107
Trd, 863531.868, 89
Trd, 863532.001, 96
Trd, 863532.134, 107
Trd, 863532.401, 88
Trd, 863532.618, 109
Trd, 863533.784, 101
Trd, 863534.018, 90
Trd, 863534.251, 83
Trd, 863536.168, 93
Trd, 863536.268, 89
Trd, 863536.318, 98
Trd, 863537.034, 108
Trd, 863537.168, 97
Trd, 863537.584, 106
Trd, 863537.818, 97
Trd, 863538.234, 103
Trd, 863538.284, 104
Trd, 863538.584, 97
Trd, 863538.968, 96
Trd, 863539.118, 98
Trd, 863539.284, 105
Trd, 863539.434, 93
Trd, 863540.784, 116
Trd, 863540.868, 104
Trd, 863541.301, 126
Trd, 863541.351, 104
Trd, 863541.484, 101
Trd, 863541.568, 98
Trd, 863542.534, 93
Trd, 863542.968, 92
Trd, 863542.984, 89
Trd, 863543.034, 97
Trd, 863543.734, 98
Trd, 863543.934, 100
Trd, 863544.718, 115
Trd, 863544.951, 91
Trd, 863545.051, 90
Trd, 863545.701, 109
Trd, 863545.968, 96
Trd, 863546.051, 96
Trd, 863546.184, 95
Trd, 863547.051, 95
Trd, 863548.051, 97
Trd, 863548.401, 99
Trd, 863548.468, 96
Trd, 863548.518, 93
Trd, 863548.768, 87
Trd, 863549.384, 88
Trd, 863549.534, 97
Trd, 863549.818, 96
Trd, 863550.134, 106
Trd, 863550.384, 83
Trd, 863550.734, 105
Trd, 863550.901, 83
Trd, 863551.184, 101
Trd, 863551.818, 90
Trd, 863552.218, 106
Trd, 863552.484, 98
Trd, 863552.718, 98
Trd, 863552.868, 105
Trd, 863553.234, 110
Trd, 863553.351, 94
Trd, 863553.768, 93
Trd, 863554.234, 114
Trd, 863554.651, 93
Trd, 863555.101, 117
Trd, 863555.468, 105
Trd, 863555.918, 91
Trd, 863555.968, 90
Trd, 863556.334, 89
Trd, 863556.801, 107
Trd, 863557.501, 89
Trd, 863557.868, 81
Trd, 863558.434, 91
Trd, 863558.551, 90
Trd, 863559.251, 98
Trd, 863559.434, 100
Trd, 863559.818, 93
Trd, 863560.051, 104
Trd, 863560.818, 102
Trd, 863560.901, 102
Trd, 863561.901, 96
Trd, 863562.218, 89
Trd, 863562.334, 82
Trd, 863563.351, 92
Trd, 863563.451, 91
Trd, 863563.818, 88
Trd, 863564.051, 100
Trd, 863564.134, 114
Trd, 863565.034, 95
Trd, 863565.501, 116
Trd, 863566.351, 95
Trd, 863566.518, 94
Trd, 863566.684, 93
Trd, 863566.818, 95
Trd, 863567.168, 101
Trd, 863567.384, 118
Trd, 863568.051, 100
Trd, 863568.418, 119
Trd, 863568.534, 92
Trd, 863569.151, 108
Trd, 863569.701, 92
Trd, 863569.951, 91
Trd, 863570.401, 117
Trd, 863570.618, 90
Trd, 863570.884, 120
Trd, 863570.934, 98
Trd, 863572.018, 90
Trd, 863572.134, 83
Trd, 863572.634, 99
Trd, 863573.151, 109
Trd, 863573.534, 100
Trd, 863574.251, 103
Trd, 863574.501, 102
Trd, 863574.801, 112
Trd, 863574.968, 94
Trd, 863575.684, 101
Trd, 863575.968, 102
Trd, 863575.984, 99
Trd, 863576.168, 97
Trd, 863578.034, 116
Trd, 863578.284, 109
Trd, 863578.684, 117
Trd, 863578.701, 109
Trd, 863579.068, 111
Trd, 863579.351, 108
Trd, 863580.184, 102
Trd, 863580.834, 102
Trd, 863581.018, 101
Trd, 863581.318, 94
Trd, 863582.934, 93
Trd, 863583.101, 90
Trd, 863583.118, 104
Trd, 863583.334, 98
Trd, 863583.418, 93
Trd, 863584.584, 92
Trd, 863584.801, 91
Trd, 863584.968, 100
Trd, 863585.551, 102
Trd, 863585.784, 104
Trd, 863585.801, 100
Trd, 863585.818, 99
Trd, 863586.501, 94
Trd, 863587.601, 119
Trd, 863587.884, 116
Trd, 863587.968, 98
Trd, 863588.251, 112
Trd, 863588.384, 111
Trd, 863588.751, 105
Trd, 863589.201, 100
Trd, 863589.301, 99
Trd, 863589.568, 88
Trd, 863591.218, 112
Trd, 863591.451, 113
Trd, 863591.868, 93
Trd, 863592.068, 89
Trd, 863592.951, 100
Trd, 863593.101, 96
Trd, 863593.201, 101
Trd, 863593.484, 93
Trd, 863593.718, 103
Trd, 863594.201, 96
Trd, 863594.251, 94
Trd, 863594.301, 93
Trd, 863594.334, 88
Trd, 863595.068, 93
Trd, 863595.318, 120
Trd, 863596.001, 96
Trd, 863596.018, 92
Trd, 863596.568, 90
Trd, 863596.718, 85
Trd, 863596.968, 81
Trd, 863597.034, 111
Trd, 863597.568, 83
Trd, 863597.768, 121
Trd, 863598.334, 95
Trd, 863598.551, 101
Trd, 863598.768, 95
Trd, 863598.818, 121
Trd, 863599.018, 86
Trd, 863600.251, 110
Trd, 863600.284, 109
Trd, 863600.384, 117
Trd, 863600.418, 108
Trd, 863600.834, 96
Trd, 863601.201, 98
Trd, 863601.618, 91
Trd, 863601.984, 116
Trd, 863603.301, 104
Trd, 863603.701, 104
Trd, 863604.268, 115
Trd, 863604.768, 103
Trd, 863604.868, 106
Trd, 863604.984, 95
Trd, 863605.101, 94
Trd, 863605.218, 112
Trd, 863606.484, 92
Trd, 863606.518, 93
Trd, 863606.784, 90
Trd, 863606.968, 94
Trd, 863606.984, 95
Trd, 863607.034, 78
Trd, 863608.034, 104
Trd, 863608.601, 110
Trd, 863608.884, 111
Trd, 863608.934, 110
Trd, 863609.018, 113
Trd, 863609.501, 117
Trd, 863610.351, 95
Trd, 863610.451, 121
Trd, 863611.034, 125
Trd, 863611.901, 110
Trd, 863612.184, 120
Trd, 863612.584, 110
Trd, 863612.734, 112
Trd, 863612.768, 109
Trd, 863613.201, 109
Trd, 863613.784, 119
Trd, 863613.918, 97
Trd, 863614.051, 93
Trd, 863614.168, 89
Trd, 863614.351, 116
Trd, 863614.568, 84
Trd, 863614.818, 78
Trd, 863615.601, 99
Trd, 863615.718, 100
Trd, 863615.834, 98
Trd, 863615.934, 97
Trd, 863615.984, 104
Trd, 863616.034, 81
Trd, 863616.418, 100
Trd, 863617.168, 104
Trd, 863617.251, 91
Trd, 863618.051, 92
Trd, 863618.134, 98
Trd, 863618.584, 91
Trd, 863618.918, 106
Trd, 863619.551, 79
Trd, 863619.684, 97
Trd, 863620.818, 105
Trd, 863621.684, 109
Trd, 863622.268, 96
Trd, 863622.284, 110
Trd, 863622.601, 95
Trd, 863622.668, 95
Trd, 863622.684, 94
Trd, 863623.084, 109
Trd, 863623.151, 97
Trd, 863623.318, 108
Trd, 863624.218, 108
Trd, 863624.468, 96
Trd, 863624.601, 95
Trd, 863625.134, 108
Trd, 863625.201, 109
Trd, 863625.318, 117
Trd, 863625.368, 89
Trd, 863625.634, 99
Trd, 863625.718, 86
Trd, 863626.634, 120
Trd, 863627.101, 99
Trd, 863627.568, 93
Trd, 863628.084, 109
Trd, 863628.184, 91
Trd, 863629.468, 92
Trd, 863629.484, 90
Trd, 863629.651, 96
Trd, 863630.284, 109
Trd, 863631.284, 108
Trd, 863631.384, 107
Trd, 863631.501, 106
Trd, 863631.934, 112
Trd, 863632.101, 101
Trd, 863633.051, 113
Trd, 863633.851, 112
Trd, 863633.868, 114
Trd, 863633.918, 109
Trd, 863634.034, 108
Trd, 863634.418, 99
Trd, 863635.084, 122
Trd, 863635.318, 98
Trd, 863635.334, 123
Trd, 863635.801, 113
Trd, 863636.001, 126
Trd, 863636.601, 94
Trd, 863636.818, 95
Trd, 863637.101, 93
Trd, 863637.368, 89
Trd, 863637.884, 89
Trd, 863638.801, 94
Trd, 863638.984, 95
Trd, 863639.701, 105
Trd, 863639.718, 93
Trd, 863639.784, 90
Trd, 863640.534, 101
Trd, 863640.918, 96
Trd, 863640.984, 83
Trd, 863641.334, 82
Trd, 863642.034, 101
Trd, 863642.084, 86
Trd, 863643.084, 102
Trd, 863643.334, 101
Trd, 863643.551, 100
Trd, 863643.718, 95
Trd, 863644.601, 106
Trd, 863644.718, 89
Trd, 863644.818, 85
Trd, 863645.484, 87
Trd, 863645.918, 84
Trd, 863646.218, 92
Trd, 863646.634, 117
Trd, 863646.951, 108
Trd, 863647.934, 110
Trd, 863648.168, 109
Trd, 863648.284, 103
Trd, 863649.234, 103
Trd, 863649.384, 105
Trd, 863649.501, 95
Trd, 863649.618, 101
Trd, 863650.218, 103
Trd, 863650.268, 97
Trd, 863650.584, 105
Trd, 863650.951, 95
Trd, 863651.251, 94
Trd, 863651.418, 93
Trd, 863651.468, 90
Trd, 863652.168, 107
Trd, 863652.368, 102
Trd, 863652.768, 116
Trd, 863653.534, 108
Trd, 863653.901, 109
Trd, 863654.468, 107
Trd, 863654.901, 120
Trd, 863654.951, 98
Trd, 863655.001, 118
Trd, 863655.301, 120
Trd, 863655.918, 107
Trd, 863656.651, 102
Trd, 863656.834, 102
Trd, 863657.234, 102
Trd, 863657.318, 94
Trd, 863658.018, 97
Trd, 863658.668, 96
Trd, 863659.168, 95
Trd, 863659.218, 94
Trd, 863659.234, 96
Trd, 863659.334, 123
Trd, 863659.684, 109
Trd, 863659.901, 93
Trd, 863660.418, 116
Trd, 863660.484, 101
Trd, 863660.568, 99
Trd, 863662.284, 111
Trd, 863662.784, 116
Trd, 863663.234, 112
Trd, 863663.618, 113
Trd, 863663.768, 112
Trd, 863664.051, 110
Trd, 863664.818, 109
Trd, 863664.951, 106
Trd, 863665.101, 118
Trd, 863665.434, 98
Trd, 863666.068, 110
Trd, 863666.368, 109
Trd, 863666.984, 99
Trd, 863667.051, 96
Trd, 863667.601, 95
Trd, 863667.951, 93
Trd, 863668.034, 99
Trd, 863668.351, 96
Trd, 863669.468, 102
Trd, 863669.618, 102
Trd, 863669.718, 104
Trd, 863670.018, 93
Trd, 863670.518, 93
Trd, 863671.401, 90
Trd, 863671.418, 85
Trd, 863671.551, 113
Trd, 863671.784, 89
Trd, 863671.868, 106
Trd, 863672.051, 83
Trd, 863672.284, 82
Trd, 863672.318, 79
Trd, 863672.401, 113
Trd, 863672.634, 114
Trd, 863673.401, 100
Trd, 863674.601, 108
Trd, 863674.768, 104
Trd, 863675.318, 101
Trd, 863675.401, 117
Trd, 863676.518, 107
Trd, 863676.584, 98
Trd, 863676.601, 111
Trd, 863676.718, 112
Trd, 863676.784, 93
Trd, 863677.218, 92
Trd, 863678.568, 94
Trd, 863679.234, 92
Trd, 863679.384, 99
Trd, 863679.468, 93
Trd, 863680.018, 92
Trd, 863680.084, 100
Trd, 863680.368, 109
Trd, 863680.451, 112
Trd, 863681.018, 97
Trd, 863681.751, 102
Trd, 863681.768, 93
Trd, 863682.368, 108
Trd, 863682.451, 91
Trd, 863682.568, 89
Trd, 863683.884, 112
Trd, 863683.918, 94
Trd, 863684.051, 118
Trd, 863684.268, 93
Trd, 863684.518, 98
Trd, 863684.568, 95
Trd, 863685.184, 116
Trd, 863685.784, 118
Trd, 863686.401, 96
Trd, 863686.551, 94
Trd, 863687.351, 94
Trd, 863687.884, 94
Trd, 863687.984, 109
Trd, 863688.751, 90
Trd, 863689.418, 92
Trd, 863689.501, 97
Trd, 863689.568, 88
Trd, 863689.718, 100
Trd, 863690.451, 109
Trd, 863691.434, 104
Trd, 863691.918, 95
Trd, 863692.584, 102
Trd, 863692.801, 98
Trd, 863693.318, 95
Trd, 863693.351, 93
Trd, 863693.751, 98
Trd, 863693.768, 99
Trd, 863693.784, 90
Trd, 863694.218, 91
Trd, 863694.318, 90
Trd, 863695.151, 117
Trd, 863695.368, 109
Trd, 863695.851, 92
Trd, 863696.501, 95
Trd, 863697.618, 92
Trd, 863697.668, 91
Trd, 863697.884, 106
Trd, 863698.268, 101
Trd, 863698.401, 98
Trd, 863698.651, 95
Trd, 863698.701, 98
Trd, 863698.784, 102
Trd, 863698.818, 109
Trd, 863699.168, 109
Trd, 863699.618, 92
Trd, 863699.984, 94
Trd, 863700.918, 100
Trd, 863700.934, 110
Trd, 863701.668, 102
Trd, 863701.868, 93
Trd, 863702.418, 99
Trd, 863702.751, 100
Trd, 863703.368, 100
Trd, 863703.434, 113
Trd, 863703.718, 115
Trd, 863704.468, 98
Trd, 863704.768, 95
Trd, 863705.384, 96
Trd, 863706.151, 91
Trd, 863706.168, 90
Trd, 863706.668, 96
Trd, 863707.018, 88
Trd, 863707.218, 89
Trd, 863707.568, 95
Trd, 863708.251, 98
Trd, 863708.434, 98
Trd, 863708.668, 91
Trd, 863708.751, 84
Trd, 863709.001, 117
Trd, 863709.601, 120
Trd, 863709.668, 85
Trd, 863710.001, 120
Trd, 863710.651, 96
Trd, 863710.851, 95
Trd, 863711.151, 99
Trd, 863711.301, 120
Trd, 863711.501, 121
Trd, 863711.884, 109
Trd, 863711.984, 94
Trd, 863712.251, 112
Trd, 863712.601, 95
Trd, 863712.734, 98
Trd, 863713.318, 94
Trd, 863713.768, 90
Trd, 863713.934, 115
Trd, 863714.434, 117
Trd, 863714.918, 118
Trd, 863715.451, 119
Trd, 863715.518, 95
Trd, 863715.734, 93
Trd, 863715.751, 93
Trd, 863715.934, 91
Trd, 863716.451, 102
Trd, 863716.601, 86
Trd, 863717.334, 101
Trd, 863717.584, 97
Trd, 863718.451, 82
Trd, 863719.318, 119
Trd, 863719.451, 113
Trd, 863719.784, 101
Trd, 863720.251, 104
Trd, 863720.468, 97
Trd, 863720.484, 105
Trd, 863721.334, 97
Trd, 863721.668, 96
Trd, 863722.551, 98
Trd, 863722.601, 95
Trd, 863722.684, 107
Trd, 863722.768, 115
Trd, 863723.068, 109
Trd, 863723.634, 118
Trd, 863724.168, 96
Trd, 863724.384, 95
Trd, 863724.718, 96
Trd, 863724.768, 97
Trd, 863725.384, 94
Trd, 863725.518, 107
Trd, 863725.584, 93
Trd, 863725.968, 90
Trd, 863726.568, 92
Trd, 863726.951, 85
Trd, 863726.984, 109
Trd, 863727.568, 80
Trd, 863728.718, 99
Trd, 863729.068, 99
Trd, 863729.634, 102
Trd, 863729.751, 100
Trd, 863730.268, 97
Trd, 863730.934, 114
Trd, 863730.984, 99
Trd, 863731.084, 96
Trd, 863732.218, 111
Trd, 863732.351, 97
Trd, 863732.851, 98
Trd, 863732.918, 96
Trd, 863733.218, 109
Trd, 863733.284, 96
Trd, 863733.334, 95
Trd, 863733.401, 93
Trd, 863734.151, 112
Trd, 863734.201, 107
Trd, 863734.684, 92
Trd, 863734.784, 124
Trd, 863735.601, 92
Trd, 863736.168, 103
Trd, 863736.534, 110
Trd, 863736.701, 109
Trd, 863737.668, 98
Trd, 863737.934, 106
Trd, 863738.384, 89
Trd, 863738.451, 87
Trd, 863739.101, 101
Trd, 863739.434, 92
Trd, 863740.334, 106
Trd, 863740.384, 111
Trd, 863741.051, 97
Trd, 863742.151, 99
Trd, 863742.234, 102
Trd, 863742.384, 95
Trd, 863742.651, 90
Trd, 863742.701, 104
Trd, 863742.901, 96
Trd, 863743.184, 82
Trd, 863743.951, 104
Trd, 863744.151, 98
Trd, 863744.551, 119
Trd, 863745.551, 109
Trd, 863745.868, 96
Trd, 863746.151, 112
Trd, 863746.668, 101
Trd, 863746.968, 101
Trd, 863747.251, 100
Trd, 863748.184, 98
Trd, 863748.384, 90
Trd, 863748.501, 110
Trd, 863748.734, 103
Trd, 863749.201, 92
Trd, 863749.268, 89
Trd, 863750.268, 92
Trd, 863750.584, 93
Trd, 863750.918, 93
Trd, 863751.084, 93
Trd, 863751.518, 94
Trd, 863752.334, 110
Trd, 863752.468, 112
Trd, 863752.584, 92
Trd, 863753.018, 118
Trd, 863753.218, 96
Trd, 863753.884, 104
Trd, 863754.018, 120
Trd, 863754.351, 96
Trd, 863754.501, 93
Trd, 863754.768, 103
Trd, 863755.734, 92
Trd, 863756.084, 90
Trd, 863756.268, 92
Trd, 863756.701, 117
Trd, 863757.551, 109
Trd, 863757.718, 117
Trd, 863757.751, 84
Trd, 863758.384, 88
Trd, 863758.884, 120
Trd, 863759.518, 109
Trd, 863759.651, 110
Trd, 863759.751, 108
Trd, 863760.084, 104
Trd, 863761.451, 102
Trd, 863761.584, 101
Trd, 863761.634, 108
Trd, 863762.284, 107
Trd, 863762.351, 97
Trd, 863763.384, 99
Trd, 863763.784, 105
Trd, 863763.884, 95
Trd, 863764.018, 92
Trd, 863764.301, 95
Trd, 863764.351, 96
Trd, 863764.484, 100
Trd, 863765.284, 107
Trd, 863765.501, 96
Trd, 863765.568, 106
Trd, 863765.834, 89
Trd, 863767.568, 107
Trd, 863767.651, 100
Trd, 863768.701, 101
Trd, 863769.184, 102
Trd, 863769.818, 112
Trd, 863770.334, 108
Trd, 863770.568, 101
Trd, 863770.668, 106
Trd, 863771.218, 116
Trd, 863771.368, 99
Trd, 863771.584, 97
Trd, 863771.601, 93
Trd, 863771.868, 108
Trd, 863772.134, 111
Trd, 863773.618, 101
Trd, 863773.884, 97
Trd, 863773.918, 104
Trd, 863774.068, 96
Trd, 863774.951, 104
Trd, 863774.984, 91
Trd, 863775.701, 118
Trd, 863776.268, 118
Trd, 863776.801, 97
Trd, 863776.951, 102
Trd, 863777.068, 99
Trd, 863777.351, 99
Trd, 863777.401, 108
Trd, 863777.418, 97
Trd, 863777.968, 97
Trd, 863778.401, 105
Trd, 863778.584, 93
Trd, 863779.601, 99
Trd, 863780.051, 94
Trd, 863780.284, 107
Trd, 863781.418, 103
Trd, 863781.501, 93
Trd, 863782.001, 93
Trd, 863782.084, 96
Trd, 863782.668, 93
Trd, 863783.284, 92
Trd, 863783.501, 93
Trd, 863783.568, 106
Trd, 863783.751, 121
Trd, 863783.834, 122
Trd, 863784.368, 104
Trd, 863784.684, 92
Trd, 863785.151, 89
Trd, 863785.468, 101
Trd, 863785.484, 93
Trd, 863786.034, 101
Trd, 863786.084, 84
Trd, 863786.884, 91
Trd, 863786.984, 92
Trd, 863787.818, 96
Trd, 863788.801, 95
Trd, 863788.851, 98
Trd, 863788.984, 94
Trd, 863789.368, 105
Trd, 863789.584, 108
Trd, 863790.001, 94
Trd, 863790.368, 96
Trd, 863790.451, 107
Trd, 863790.718, 101
Trd, 863791.051, 109
Trd, 863791.218, 96
Trd, 863792.468, 99
Trd, 863793.068, 105
Trd, 863793.651, 101
Trd, 863794.634, 91
Trd, 863795.918, 99
Trd, 863795.934, 97
Trd, 863796.634, 104
Trd, 863796.751, 100
Trd, 863796.801, 99
Trd, 863797.068, 91
Trd, 863797.534, 99
Trd, 863797.684, 102
Trd, 863798.051, 118
Trd, 863798.068, 92
Trd, 863798.484, 91
Trd, 863798.801, 90
Trd, 863799.318, 91
Trd, 863799.368, 87
Trd, 863799.584, 93
Trd, 863799.668, 99
Trd, 863799.918, 116
Trd, 863800.201, 94
Trd, 863800.384, 93
Trd, 863801.501, 111
Trd, 863802.234, 86
Trd, 863802.868, 97
Trd, 863803.034, 110
Trd, 863803.284, 105
Trd, 863803.884, 99
Trd, 863804.201, 98
Trd, 863804.618, 117
Trd, 863805.001, 116
Trd, 863805.034, 96
Trd, 863805.234, 107
Trd, 863805.434, 94
Trd, 863805.634, 109
Trd, 863808.001, 95
Trd, 863808.551, 95
Trd, 863808.618, 93
Trd, 863808.701, 95
Trd, 863809.001, 109
Trd, 863809.268, 110
Trd, 863809.301, 93
Trd, 863809.751, 124
Trd, 863810.284, 93
Trd, 863810.384, 91
Trd, 863810.551, 86
Trd, 863810.768, 82
Trd, 863810.784, 93
Trd, 863810.851, 113
Trd, 863811.718, 109
Trd, 863812.084, 110
Trd, 863812.934, 112
Trd, 863813.501, 112
Trd, 863814.251, 109
Trd, 863814.851, 112
Trd, 863814.968, 101
Trd, 863815.101, 96
Trd, 863815.868, 93
Trd, 863815.984, 92
Trd, 863816.451, 104
Trd, 863817.234, 108
Trd, 863817.418, 98
Trd, 863818.068, 112
Trd, 863818.784, 112
Trd, 863818.901, 91
Trd, 863819.701, 110
Trd, 863820.351, 113
Trd, 863820.418, 109
Trd, 863820.451, 114
Trd, 863821.034, 93
Trd, 863821.351, 98
Trd, 863821.384, 118
Trd, 863821.718, 96
Trd, 863821.868, 95
Trd, 863822.051, 98
Trd, 863822.168, 91
Trd, 863822.684, 90
Trd, 863823.568, 102
Trd, 863824.184, 98
Trd, 863824.584, 102
Trd, 863825.218, 110
Trd, 863825.401, 109
Trd, 863825.501, 113
Trd, 863825.601, 104
Trd, 863825.751, 93
Trd, 863826.168, 96
Trd, 863826.418, 96
Trd, 863826.468, 88
Trd, 863826.484, 116
Trd, 863826.634, 88
Trd, 863827.734, 82
Trd, 863828.051, 107
Trd, 863828.551, 117
Trd, 863828.784, 101
Trd, 863830.401, 120
Trd, 863830.934, 109
Trd, 863831.101, 121
Trd, 863831.651, 108
Trd, 863831.684, 107
Trd, 863832.118, 107
Trd, 863832.551, 105
Trd, 863832.651, 103
Trd, 863832.918, 93
Trd, 863833.668, 115
Trd, 863833.851, 114
Trd, 863834.501, 113
Trd, 863834.701, 112
Trd, 863834.851, 95
Trd, 863834.868, 117
Trd, 863835.984, 84
Trd, 863836.234, 99
Trd, 863836.668, 84
Trd, 863836.918, 104
Trd, 863836.968, 90
Trd, 863837.518, 98
Trd, 863837.568, 109
Trd, 863838.051, 110
Trd, 863838.734, 104
Trd, 863838.834, 114
Trd, 863839.051, 104
Trd, 863839.418, 103
Trd, 863839.918, 101
Trd, 863839.968, 96
Trd, 863840.918, 94
Trd, 863841.901, 98
Trd, 863842.068, 99
Trd, 863842.618, 110
Trd, 863842.801, 97
Trd, 863843.534, 94
Trd, 863843.801, 94
Trd, 863843.884, 97
Trd, 863844.001, 96
Trd, 863844.501, 93
Trd, 863844.834, 93
Trd, 863844.851, 90
Trd, 863846.101, 93
Trd, 863846.234, 97
Trd, 863846.251, 82
Trd, 863846.868, 97
Trd, 863847.301, 98
Trd, 863847.701, 108
Trd, 863848.601, 101
Trd, 863849.334, 112
Trd, 863849.784, 112
Trd, 863849.984, 98
Trd, 863850.484, 108
Trd, 863851.218, 105
Trd, 863851.468, 107
Trd, 863851.668, 109
Trd, 863851.751, 104
Trd, 863852.468, 99
Trd, 863852.784, 99
Trd, 863853.284, 96
Trd, 863853.684, 98
Trd, 863853.718, 103
Trd, 863853.901, 104
Trd, 863854.534, 102
Trd, 863854.618, 100
Trd, 863854.934, 100
Trd, 863855.618, 108
Trd, 863855.651, 96
Trd, 863855.701, 113
Trd, 863855.751, 114
Trd, 863855.768, 93
Trd, 863857.184, 101
Trd, 863857.984, 115
Trd, 863858.301, 111
Trd, 863858.384, 117
Trd, 863859.101, 122
Trd, 863859.534, 118
Trd, 863859.668, 115
Trd, 863860.001, 109
Trd, 863860.934, 112
Trd, 863861.068, 100
Trd, 863861.851, 120
Trd, 863861.984, 115
Trd, 863862.384, 109
Trd, 863863.168, 116
Trd, 863864.384, 105
Trd, 863864.651, 118
Trd, 863864.751, 105
Trd, 863865.034, 104
Trd, 863865.118, 96
Trd, 863866.018, 108
Trd, 863866.351, 100
Trd, 863867.268, 96
Trd, 863867.384, 96
Trd, 863867.884, 95
Trd, 863867.918, 90
Trd, 863867.984, 96
Trd, 863868.434, 112
Trd, 863868.634, 115
Trd, 863869.618, 109
Trd, 863869.684, 97
Trd, 863869.834, 97
Trd, 863870.118, 103
Trd, 863870.868, 99
Trd, 863870.934, 105
Trd, 863871.068, 98
Trd, 863871.334, 100
Trd, 863871.518, 90
Trd, 863871.701, 85
Trd, 863871.901, 104
Trd, 863872.018, 114
Trd, 863873.018, 114
Trd, 863873.618, 82
Trd, 863873.634, 97
Trd, 863873.884, 114
Trd, 863873.918, 112
Trd, 863874.884, 106
Trd, 863876.268, 103
Trd, 863876.484, 106
Trd, 863877.401, 105
Trd, 863878.284, 98
Trd, 863878.351, 97
Trd, 863878.384, 95
Trd, 863878.718, 93
Trd, 863878.951, 97
Trd, 863879.684, 103
Trd, 863879.934, 102
Trd, 863880.334, 99
Trd, 863880.718, 99
Trd, 863881.818, 96
Trd, 863881.901, 97
Trd, 863882.034, 92
Trd, 863882.318, 98
Trd, 863883.034, 95
Trd, 863883.201, 100
Trd, 863883.601, 108
Trd, 863883.651, 120
Trd, 863883.818, 110
Trd, 863883.834, 93
Trd, 863883.984, 90
Trd, 863884.201, 88
Trd, 863884.918, 110
Trd, 863885.284, 98
Trd, 863885.484, 98
Trd, 863886.051, 90
Trd, 863886.184, 86
Trd, 863886.568, 113
Trd, 863887.501, 109
Trd, 863887.568, 112
Trd, 863888.234, 103
Trd, 863888.984, 103
Trd, 863889.501, 110
Trd, 863889.768, 105
Trd, 863890.201, 103
Trd, 863890.351, 112
Trd, 863890.651, 117
Trd, 863890.668, 99
Trd, 863890.734, 93
Trd, 863892.418, 106
Trd, 863892.551, 106
Trd, 863892.784, 109
Trd, 863892.884, 106
Trd, 863893.868, 107
Trd, 863894.118, 108
Trd, 863894.468, 107
Trd, 863894.901, 98
Trd, 863894.934, 91
Trd, 863895.084, 110
Trd, 863895.484, 95
Trd, 863896.384, 115
Trd, 863896.801, 112
Trd, 863896.834, 111
Trd, 863897.984, 113
Trd, 863898.034, 109
Trd, 863898.268, 112
Trd, 863898.684, 103
Trd, 863899.001, 93
Trd, 863899.751, 116
Trd, 863900.168, 108
Trd, 863900.218, 107
Trd, 863900.284, 96
Trd, 863900.384, 91
Trd, 863900.534, 107
Trd, 863900.551, 108
Trd, 863900.834, 119
Trd, 863901.584, 102
Trd, 863902.634, 96
Trd, 863902.984, 95
Trd, 863903.568, 98
Trd, 863903.751, 116
Trd, 863904.084, 93
Trd, 863904.368, 96
Trd, 863904.734, 93
Trd, 863905.001, 107
Trd, 863905.484, 88
Trd, 863905.634, 88
Trd, 863905.884, 88
Trd, 863906.918, 91
Trd, 863906.984, 90
Trd, 863907.101, 93
Trd, 863907.701, 124
Trd, 863909.034, 100
Trd, 863909.501, 114
Trd, 863909.801, 117
Trd, 863909.834, 109
Trd, 863910.018, 112
Trd, 863910.818, 113
Trd, 863910.868, 112
Trd, 863910.884, 96
Trd, 863911.084, 94
Trd, 863911.351, 90
Trd, 863912.851, 105
Trd, 863912.918, 107
Trd, 863913.068, 96
Trd, 863913.334, 100
Trd, 863913.568, 110
Trd, 863914.418, 111
Trd, 863915.018, 118
Trd, 863915.234, 118
Trd, 863915.501, 99
Trd, 863915.651, 98
Trd, 863915.834, 93
Trd, 863917.351, 114
Trd, 863918.168, 96
Trd, 863918.201, 101
Trd, 863918.384, 103
Trd, 863918.501, 107
Trd, 863918.751, 103
Trd, 863918.868, 98
Trd, 863919.351, 104
Trd, 863919.584, 97
Trd, 863920.601, 103
Trd, 863920.968, 111
Trd, 863921.568, 110
Trd, 863921.784, 108
Trd, 863922.501, 110
Trd, 863922.768, 104
Trd, 863922.884, 98
Trd, 863922.951, 97
Trd, 863923.451, 98
Trd, 863923.918, 102
Trd, 863924.768, 101
Trd, 863924.834, 103
Trd, 863925.334, 95
Trd, 863925.384, 94
Trd, 863925.451, 93
Trd, 863925.551, 90
Trd, 863926.618, 86
Trd, 863927.001, 89
Trd, 863927.701, 109
Trd, 863927.718, 102
Trd, 863928.234, 95
Trd, 863928.434, 112
Trd, 863929.018, 93
Trd, 863929.784, 99
Trd, 863930.301, 99
Trd, 863930.484, 98
Trd, 863930.568, 94
Trd, 863931.051, 100
Trd, 863931.684, 97
Trd, 863932.268, 110
Trd, 863932.284, 108
Trd, 863932.501, 117
Trd, 863932.551, 111
Trd, 863933.068, 121
Trd, 863933.201, 104
Trd, 863933.584, 122
Trd, 863933.868, 107
Trd, 863933.968, 106
Trd, 863934.018, 104
Trd, 863935.184, 101
Trd, 863936.084, 96
Trd, 863936.184, 93
Trd, 863936.734, 111
Trd, 863936.834, 101
Trd, 863936.918, 100
Trd, 863937.168, 112
Trd, 863937.834, 117
Trd, 863937.884, 100
Trd, 863938.218, 93
Trd, 863939.201, 97
Trd, 863939.284, 94
Trd, 863939.484, 97
Trd, 863939.518, 90
Trd, 863940.468, 119
Trd, 863941.268, 110
Trd, 863941.618, 110
Trd, 863942.001, 111
Trd, 863942.268, 110
Trd, 863942.534, 96
Trd, 863942.734, 108
Trd, 863942.968, 108
Trd, 863943.434, 112
Trd, 863943.834, 107
Trd, 863943.984, 98
Trd, 863944.118, 97
Trd, 863944.634, 126
Trd, 863944.868, 119
Trd, 863945.434, 96
Trd, 863945.801, 117
Trd, 863947.218, 96
Trd, 863948.151, 98
Trd, 863948.168, 93
Trd, 863948.634, 90
Trd, 863948.801, 115
Trd, 863949.084, 115
Trd, 863949.401, 114
Trd, 863949.451, 96
Trd, 863949.501, 90
Trd, 863949.934, 96
Trd, 863950.301, 103
Trd, 863950.534, 109
Trd, 863950.718, 117
Trd, 863951.001, 94
Trd, 863951.151, 93
Trd, 863951.318, 92
Trd, 863951.868, 87
Trd, 863952.068, 96
Trd, 863952.751, 117
Trd, 863953.868, 99
Trd, 863954.068, 102
Trd, 863954.151, 103
Trd, 863954.168, 95
Trd, 863955.018, 120
Trd, 863955.318, 98
Trd, 863955.618, 105
Trd, 863956.001, 117
Trd, 863956.134, 122
Trd, 863956.168, 99
Trd, 863956.768, 94
Trd, 863956.851, 93
Trd, 863957.101, 92
Trd, 863957.351, 90
Trd, 863957.784, 120
Trd, 863958.484, 94
Trd, 863958.534, 91
Trd, 863958.884, 92
Trd, 863959.068, 95
Trd, 863959.451, 109
Trd, 863961.401, 108
Trd, 863961.534, 106
Trd, 863961.618, 112
Trd, 863962.101, 103
Trd, 863963.268, 101
Trd, 863963.284, 100
Trd, 863963.484, 98
Trd, 863964.151, 109
Trd, 863964.568, 108
Trd, 863965.084, 95
Trd, 863965.534, 93
Trd, 863965.751, 89
Trd, 863965.918, 100
Trd, 863966.068, 97
Trd, 863966.118, 92
Trd, 863966.768, 87
Trd, 863966.834, 86
Trd, 863967.001, 88
Trd, 863967.668, 97
Trd, 863968.451, 93
Trd, 863968.701, 95
Trd, 863968.768, 90
Trd, 863969.318, 93
Trd, 863969.568, 117
Trd, 863970.218, 88
Trd, 863970.751, 83
Trd, 863970.818, 112
Trd, 863970.951, 82
Trd, 863971.068, 73
Trd, 863971.518, 113
Trd, 863972.334, 104
Trd, 863972.668, 97
Trd, 863973.284, 111
Trd, 863974.668, 110
Trd, 863974.718, 110
Trd, 863974.801, 104
Trd, 863974.818, 96
Trd, 863975.584, 93
Trd, 863975.834, 93
Trd, 863976.168, 96
Trd, 863976.201, 111
Trd, 863976.568, 92
Trd, 863976.584, 89
Trd, 863976.801, 79
Trd, 863977.068, 83
Trd, 863977.234, 98
Trd, 863977.984, 97
Trd, 863978.751, 118
Trd, 863978.901, 119
Trd, 863979.184, 95
Trd, 863979.734, 110
Trd, 863979.934, 110
Trd, 863979.984, 121
Trd, 863980.084, 108
Trd, 863980.101, 107
Trd, 863980.684, 96
Trd, 863980.701, 124
Trd, 863980.918, 96
Trd, 863981.201, 117
Trd, 863982.268, 120
Trd, 863983.118, 116
Trd, 863983.151, 119
Trd, 863983.634, 121
Trd, 863984.451, 115
Trd, 863984.651, 115
Trd, 863985.184, 112
Trd, 863985.268, 107
Trd, 863985.334, 98
Trd, 863986.184, 118
Trd, 863986.218, 119
Trd, 863986.251, 120
Trd, 863986.368, 97
Trd, 863987.418, 97
Trd, 863987.484, 95
Trd, 863987.768, 99
Trd, 863988.118, 94
Trd, 863989.518, 102
Trd, 863989.851, 92
Trd, 863989.884, 87
Trd, 863990.051, 82
Trd, 863990.734, 86
Trd, 863991.101, 90
Trd, 863991.268, 93
Trd, 863991.334, 109
Trd, 863992.001, 113
Trd, 863992.734, 109
Trd, 863992.968, 117
Trd, 863993.418, 112
Trd, 863993.718, 111
Trd, 863993.851, 93
Trd, 863994.451, 101
Trd, 863994.468, 92
Trd, 863995.084, 103
Trd, 863995.251, 90
Trd, 863995.318, 81
Trd, 863995.584, 84
Trd, 863995.818, 84
Trd, 863995.951, 109
Trd, 863997.434, 112
Trd, 863997.634, 115
Trd, 863997.651, 114
Trd, 863998.101, 113
Trd, 863998.518, 109
Trd, 863998.751, 98
Trd, 863999.151, 97
Trd, 863999.601, 97
