Trd, 863307.984, 103
Trd, 863308.918, 92
Trd, 863309.418, 91
Trd, 863309.434, 99
Trd, 863310.051, 94
Trd, 863310.468, 102
Trd, 863311.284, 93
Trd, 863312.451, 101
Trd, 863312.468, 100
Trd, 863312.551, 101
Trd, 863312.801, 100
Trd, 863312.951, 102
Trd, 863313.034, 97
Trd, 863313.284, 104
Trd, 863314.051, 91
Trd, 863315.151, 91
Trd, 863315.901, 93
Trd, 863315.968, 92
Trd, 863316.434, 115
Trd, 863316.668, 106
Trd, 863316.884, 102
Trd, 863316.901, 113
Trd, 863317.034, 99
Trd, 863317.568, 93
Trd, 863317.834, 92
Trd, 863318.668, 91
Trd, 863318.984, 119
Trd, 863319.551, 92
Trd, 863320.001, 90
Trd, 863320.101, 119
Trd, 863320.218, 89
Trd, 863320.718, 88
Trd, 863321.018, 87
Trd, 863321.701, 87
Trd, 863322.051, 88
Trd, 863322.301, 90
Trd, 863322.718, 94
Trd, 863323.134, 95
Trd, 863323.584, 90
Trd, 863324.351, 97
Trd, 863324.384, 98
Trd, 863324.534, 92
Trd, 863325.101, 98
Trd, 863325.834, 97
Trd, 863325.884, 101
Trd, 863326.101, 98
Trd, 863326.334, 96
Trd, 863326.418, 95
Trd, 863327.334, 96
Trd, 863328.534, 100
Trd, 863328.584, 96
Trd, 863329.168, 95
Trd, 863329.401, 94
Trd, 863329.651, 93
Trd, 863330.051, 96
Trd, 863330.451, 91
Trd, 863330.801, 98
Trd, 863331.768, 92
Trd, 863332.751, 97
Trd, 863332.784, 96
Trd, 863332.801, 91
Trd, 863332.984, 99
Trd, 863333.101, 96
Trd, 863333.468, 98
Trd, 863333.501, 89
Trd, 863333.618, 99
Trd, 863333.651, 104
Trd, 863334.384, 90
Trd, 863334.534, 88
Trd, 863335.318, 93
Trd, 863335.684, 97
Trd, 863335.901, 94
Trd, 863336.034, 98
Trd, 863336.084, 89
Trd, 863337.168, 95
Trd, 863338.234, 93
Trd, 863338.784, 94
Trd, 863339.134, 95
Trd, 863339.284, 95
Trd, 863339.451, 104
Trd, 863339.984, 95
Trd, 863340.284, 93
Trd, 863340.951, 92
Trd, 863340.968, 93
Trd, 863341.168, 91
Trd, 863341.268, 94
Trd, 863341.318, 98
Trd, 863341.684, 90
Trd, 863341.818, 82
Trd, 863343.234, 98
Trd, 863343.551, 98
Trd, 863344.284, 98
Trd, 863344.351, 96
Trd, 863345.334, 101
Trd, 863345.468, 89
Trd, 863346.218, 91
Trd, 863346.401, 89
Trd, 863347.284, 106
Trd, 863347.468, 114
Trd, 863347.968, 101
Trd, 863348.351, 100
Trd, 863348.568, 103
Trd, 863348.718, 102
Trd, 863349.351, 101
Trd, 863349.601, 113
Trd, 863349.618, 98
Trd, 863349.634, 96
Trd, 863349.951, 104
Trd, 863351.851, 106
Trd, 863351.984, 101
Trd, 863352.101, 109
Trd, 863352.768, 103
Trd, 863353.134, 109
Trd, 863353.468, 105
Trd, 863353.851, 105
Trd, 863354.201, 104
Trd, 863355.084, 106
Trd, 863355.384, 107
Trd, 863355.401, 109
Trd, 863355.534, 101
Trd, 863355.901, 105
Trd, 863356.118, 101
Trd, 863356.134, 109
Trd, 863356.184, 116
Trd, 863356.751, 98
Trd, 863357.518, 97
Trd, 863357.651, 88
Trd, 863357.801, 88
Trd, 863359.168, 94
Trd, 863359.501, 91
Trd, 863359.534, 97
Trd, 863359.718, 81
Trd, 863359.784, 98
Trd, 863361.718, 89
Trd, 863362.084, 90
Trd, 863362.134, 83
Trd, 863363.034, 93
Trd, 863363.568, 90
Trd, 863364.184, 88
Trd, 863364.218, 86
Trd, 863364.634, 95
Trd, 863365.568, 90
Trd, 863365.984, 88
Trd, 863366.334, 86
Trd, 863366.418, 84
Trd, 863366.751, 79
Trd, 863366.784, 88
Trd, 863367.234, 98
Trd, 863368.134, 93
Trd, 863368.168, 94
Trd, 863368.301, 95
Trd, 863368.551, 99
Trd, 863369.384, 101
Trd, 863369.501, 119
Trd, 863369.618, 100
Trd, 863369.851, 99
Trd, 863370.451, 97
Trd, 863371.001, 109
Trd, 863371.034, 96
Trd, 863371.651, 109
Trd, 863372.501, 95
Trd, 863372.534, 94
Trd, 863372.918, 97
Trd, 863372.934, 93
Trd, 863372.984, 100
Trd, 863373.851, 99
Trd, 863374.051, 101
Trd, 863374.518, 102
Trd, 863375.868, 97
Trd, 863376.684, 97
Trd, 863376.884, 96
Trd, 863377.151, 95
Trd, 863377.834, 93
Trd, 863378.168, 90
Trd, 863378.368, 90
Trd, 863378.434, 89
Trd, 863379.268, 95
Trd, 863379.318, 94
Trd, 863379.818, 96
Trd, 863380.984, 97
Trd, 863381.418, 92
Trd, 863381.534, 99
Trd, 863382.051, 100
Trd, 863382.068, 115
Trd, 863382.168, 93
Trd, 863383.018, 91
Trd, 863383.068, 101
Trd, 863383.618, 96
Trd, 863384.034, 92
Trd, 863385.518, 96
Trd, 863386.534, 92
Trd, 863387.484, 91
Trd, 863387.834, 98
Trd, 863387.951, 100
Trd, 863388.284, 90
Trd, 863388.634, 97
Trd, 863389.101, 90
Trd, 863389.218, 92
Trd, 863389.501, 93
Trd, 863389.534, 100
Trd, 863389.718, 100
Trd, 863390.184, 97
Trd, 863390.951, 95
Trd, 863392.234, 98
Trd, 863392.268, 90
Trd, 863393.134, 90
Trd, 863393.534, 90
Trd, 863393.568, 97
Trd, 863394.718, 90
Trd, 863394.901, 93
Trd, 863395.268, 96
Trd, 863395.868, 98
Trd, 863395.968, 93
Trd, 863396.068, 89
Trd, 863396.568, 105
Trd, 863397.484, 95
Trd, 863397.568, 97
Trd, 863398.018, 117
Trd, 863398.884, 110
Trd, 863398.951, 108
Trd, 863400.051, 108
Trd, 863400.701, 108
Trd, 863401.034, 118
Trd, 863401.201, 105
Trd, 863401.701, 103
Trd, 863402.201, 101
Trd, 863402.418, 125
Trd, 863402.751, 93
Trd, 863402.951, 89
Trd, 863403.418, 89
Trd, 863403.718, 124
Trd, 863404.134, 97
Trd, 863404.268, 94
Trd, 863404.568, 87
Trd, 863404.701, 87
Trd, 863404.968, 85
Trd, 863405.301, 101
Trd, 863405.601, 101
Trd, 863405.818, 102
Trd, 863406.718, 91
Trd, 863407.234, 102
Trd, 863407.418, 91
Trd, 863407.934, 113
Trd, 863408.551, 97
Trd, 863409.851, 106
Trd, 863410.501, 98
Trd, 863410.651, 97
Trd, 863411.784, 103
Trd, 863412.401, 101
Trd, 863412.534, 101
Trd, 863412.868, 103
Trd, 863413.084, 101
Trd, 863413.301, 100
Trd, 863413.401, 98
Trd, 863413.418, 103
Trd, 863413.568, 104
Trd, 863414.084, 98
Trd, 863414.268, 97
Trd, 863414.884, 91
Trd, 863415.201, 95
Trd, 863416.068, 103
Trd, 863416.601, 97
Trd, 863416.718, 103
Trd, 863417.234, 95
Trd, 863417.951, 96
Trd, 863418.751, 96
Trd, 863419.001, 95
Trd, 863419.134, 96
Trd, 863419.184, 98
Trd, 863419.251, 94
Trd, 863419.334, 90
Trd, 863420.384, 104
Trd, 863421.268, 99
Trd, 863422.001, 104
Trd, 863422.118, 102
Trd, 863423.118, 107
Trd, 863423.201, 91
Trd, 863423.368, 106
Trd, 863423.768, 107
Trd, 863424.134, 92
Trd, 863424.184, 96
Trd, 863424.568, 91
Trd, 863425.018, 91
Trd, 863425.751, 104
Trd, 863426.268, 94
Trd, 863426.701, 96
Trd, 863426.784, 94
Trd, 863427.068, 96
Trd, 863427.218, 93
Trd, 863427.434, 118
Trd, 863427.701, 113
Trd, 863427.868, 101
Trd, 863428.368, 98
Trd, 863428.801, 92
Trd, 863429.084, 90
Trd, 863429.168, 97
Trd, 863429.818, 84
Trd, 863430.734, 94
Trd, 863431.051, 92
Trd, 863431.634, 94
Trd, 863431.684, 99
Trd, 863432.134, 102
Trd, 863433.434, 106
Trd, 863433.584, 102
Trd, 863434.168, 103
Trd, 863434.284, 101
Trd, 863434.368, 97
Trd, 863435.168, 95
Trd, 863435.818, 100
Trd, 863436.051, 94
Trd, 863436.868, 95
Trd, 863437.134, 90
Trd, 863437.734, 95
Trd, 863437.751, 98
Trd, 863437.918, 98
Trd, 863438.251, 95
Trd, 863438.534, 99
Trd, 863438.601, 87
Trd, 863438.651, 100
Trd, 863439.118, 82
Trd, 863440.084, 113
Trd, 863440.118, 90
Trd, 863440.834, 90
Trd, 863442.118, 87
Trd, 863442.184, 95
Trd, 863442.368, 96
Trd, 863443.351, 93
Trd, 863444.118, 97
Trd, 863444.168, 96
Trd, 863444.534, 96
Trd, 863444.584, 95
Trd, 863445.118, 89
Trd, 863445.151, 83
Trd, 863445.318, 101
Trd, 863445.868, 99
Trd, 863446.284, 115
Trd, 863446.568, 101
Trd, 863447.268, 89
Trd, 863447.284, 93
Trd, 863447.818, 92
Trd, 863447.984, 85
Trd, 863448.434, 84
Trd, 863448.468, 94
Trd, 863448.584, 102
Trd, 863449.268, 83
Trd, 863449.518, 87
Trd, 863449.651, 84
Trd, 863449.818, 88
Trd, 863449.934, 90
Trd, 863450.218, 87
Trd, 863450.484, 91
Trd, 863451.501, 94
Trd, 863451.901, 93
Trd, 863452.118, 96
Trd, 863453.134, 93
Trd, 863454.084, 98
Trd, 863454.201, 97
Trd, 863454.451, 94
Trd, 863455.034, 99
Trd, 863455.251, 96
Trd, 863455.418, 93
Trd, 863455.651, 93
Trd, 863455.734, 97
Trd, 863455.834, 89
Trd, 863456.701, 94
Trd, 863457.484, 96
Trd, 863457.784, 98
Trd, 863458.101, 103
Trd, 863458.151, 87
Trd, 863459.751, 101
Trd, 863459.834, 107
Trd, 863460.101, 114
Trd, 863460.568, 102
Trd, 863460.584, 119
Trd, 863460.884, 101
Trd, 863460.934, 99
Trd, 863461.001, 97
Trd, 863461.434, 93
Trd, 863461.751, 107
Trd, 863462.501, 107
Trd, 863462.568, 106
Trd, 863462.851, 103
Trd, 863462.934, 116
Trd, 863463.734, 106
Trd, 863463.951, 100
Trd, 863464.334, 96
Trd, 863464.568, 109
Trd, 863465.434, 91
Trd, 863466.518, 92
Trd, 863466.984, 90
Trd, 863467.018, 97
Trd, 863467.651, 91
Trd, 863467.984, 90
Trd, 863468.051, 93
Trd, 863468.201, 93
Trd, 863468.234, 89
Trd, 863468.584, 99
Trd, 863468.834, 85
Trd, 863469.234, 100
Trd, 863469.918, 101
Trd, 863471.001, 83
Trd, 863471.884, 93
Trd, 863472.918, 91
Trd, 863473.051, 90
Trd, 863473.434, 98
Trd, 863473.784, 100
Trd, 863473.801, 93
Trd, 863474.151, 93
Trd, 863474.184, 104
Trd, 863475.051, 97
Trd, 863475.101, 111
Trd, 863475.134, 96
Trd, 863476.234, 92
Trd, 863476.384, 111
Trd, 863477.434, 116
Trd, 863477.734, 104
Trd, 863478.034, 105
Trd, 863478.101, 104
Trd, 863478.634, 101
Trd, 863480.084, 99
Trd, 863480.184, 100
Trd, 863480.301, 100
Trd, 863480.351, 91
Trd, 863480.684, 95
Trd, 863481.084, 104
Trd, 863481.401, 90
Trd, 863481.501, 86
Trd, 863482.401, 82
Trd, 863483.984, 92
Trd, 863484.534, 87
Trd, 863484.584, 86
Trd, 863484.684, 94
Trd, 863485.018, 90
Trd, 863485.568, 91
Trd, 863486.334, 94
Trd, 863487.034, 93
Trd, 863487.218, 97
Trd, 863487.284, 92
Trd, 863488.284, 97
Trd, 863488.551, 98
Trd, 863488.618, 94
Trd, 863488.951, 94
Trd, 863489.168, 96
Trd, 863489.668, 98
Trd, 863490.018, 92
Trd, 863490.051, 98
Trd, 863490.401, 103
Trd, 863490.501, 102
Trd, 863491.251, 102
Trd, 863491.501, 102
Trd, 863492.218, 102
Trd, 863493.034, 118
Trd, 863493.101, 106
Trd, 863493.384, 99
Trd, 863494.084, 101
Trd, 863494.284, 108
Trd, 863494.834, 103
Trd, 863495.001, 114
Trd, 863495.218, 103
Trd, 863495.584, 100
Trd, 863496.018, 102
Trd, 863496.584, 103
Trd, 863497.201, 110
Trd, 863497.468, 98
Trd, 863497.968, 101
Trd, 863498.684, 100
Trd, 863499.168, 96
Trd, 863499.701, 99
Trd, 863499.951, 97
Trd, 863500.134, 96
Trd, 863500.568, 101
Trd, 863500.901, 94
Trd, 863501.768, 94
Trd, 863502.868, 96
Trd, 863503.384, 96
Trd, 863503.468, 97
Trd, 863503.551, 96
Trd, 863504.001, 98
Trd, 863504.101, 95
Trd, 863504.251, 101
Trd, 863504.834, 90
Trd, 863504.951, 95
Trd, 863505.084, 97
Trd, 863505.418, 85
Trd, 863505.434, 83
Trd, 863505.718, 90
Trd, 863506.201, 82
Trd, 863506.434, 99
Trd, 863506.668, 98
Trd, 863507.134, 106
Trd, 863507.618, 93
Trd, 863507.884, 89
Trd, 863507.934, 108
Trd, 863508.218, 84
Trd, 863509.951, 90
Trd, 863510.918, 92
Trd, 863511.468, 88
Trd, 863511.734, 90
Trd, 863511.884, 91
Trd, 863512.218, 95
Trd, 863512.584, 90
Trd, 863512.668, 90
Trd, 863513.184, 92
Trd, 863513.551, 95
Trd, 863514.284, 102
Trd, 863514.618, 100
Trd, 863514.951, 92
Trd, 863515.418, 112
Trd, 863515.968, 114
Trd, 863516.001, 112
Trd, 863516.418, 112
Trd, 863516.568, 111
Trd, 863516.618, 110
Trd, 863516.768, 110
Trd, 863516.918, 109
Trd, 863517.084, 106
Trd, 863517.418, 89
Trd, 863518.368, 99
Trd, 863518.468, 117
Trd, 863519.918, 95
Trd, 863520.168, 94
Trd, 863520.201, 92
Trd, 863520.668, 95
Trd, 863521.084, 94
Trd, 863521.168, 120
Trd, 863521.618, 92
Trd, 863522.651, 93
Trd, 863523.301, 98
Trd, 863523.451, 105
Trd, 863523.534, 92
Trd, 863523.884, 106
Trd, 863524.568, 92
Trd, 863524.718, 91
Trd, 863524.884, 98
Trd, 863525.101, 90
Trd, 863526.351, 92
Trd, 863526.568, 89
Trd, 863527.251, 94
Trd, 863528.168, 93
Trd, 863528.301, 95
Trd, 863528.751, 97
Trd, 863528.884, 88
Trd, 863529.118, 86
Trd, 863530.168, 96
Trd, 863530.218, 90
Trd, 863530.501, 96
Trd, 863530.734, 98
Trd, 863530.901, 91
Trd, 863531.084, 97
Trd, 863531.418, 89
Trd, 863531.634, 97
Trd, 863531.968, 83
Trd, 863532.234, 90
Trd, 863533.051, 85
Trd, 863533.718, 101
Trd, 863534.151, 101
Trd, 863534.618, 102
Trd, 863535.501, 104
Trd, 863535.534, 109
Trd, 863535.618, 102
Trd, 863535.884, 101
Trd, 863536.168, 101
Trd, 863536.284, 100
Trd, 863537.368, 111
Trd, 863537.768, 92
Trd, 863537.784, 83
Trd, 863538.084, 97
Trd, 863538.868, 83
Trd, 863539.501, 96
Trd, 863539.568, 98
Trd, 863540.334, 97
Trd, 863540.351, 96
Trd, 863540.518, 101
Trd, 863540.951, 97
Trd, 863541.151, 95
Trd, 863541.584, 97
Trd, 863541.918, 103
Trd, 863542.284, 97
Trd, 863543.001, 100
Trd, 863543.134, 115
Trd, 863544.151, 98
Trd, 863544.234, 97
Trd, 863544.918, 95
Trd, 863545.768, 94
Trd, 863546.218, 94
Trd, 863546.901, 94
Trd, 863546.934, 95
Trd, 863547.068, 95
Trd, 863547.451, 92
Trd, 863547.634, 102
Trd, 863547.751, 111
Trd, 863548.668, 101
Trd, 863548.734, 97
Trd, 863549.268, 96
Trd, 863549.401, 103
Trd, 863549.434, 93
Trd, 863550.684, 92
Trd, 863551.501, 104
Trd, 863551.601, 95
Trd, 863551.901, 94
Trd, 863551.951, 93
Trd, 863552.068, 101
Trd, 863552.184, 92
Trd, 863552.268, 115
Trd, 863554.034, 101
Trd, 863554.068, 99
Trd, 863554.518, 106
Trd, 863554.684, 105
Trd, 863555.684, 115
Trd, 863555.884, 122
Trd, 863556.151, 112
Trd, 863556.234, 92
Trd, 863556.818, 92
Trd, 863557.618, 113
Trd, 863558.284, 90
Trd, 863558.834, 89
Trd, 863558.918, 88
Trd, 863559.201, 100
Trd, 863559.818, 89
Trd, 863560.018, 90
Trd, 863560.551, 100
Trd, 863560.584, 82
Trd, 863561.201, 93
Trd, 863561.318, 93
Trd, 863562.301, 90
Trd, 863562.534, 94
Trd, 863562.851, 90
Trd, 863562.884, 101
Trd, 863563.051, 101
Trd, 863563.351, 89
Trd, 863563.768, 88
Trd, 863564.184, 110
Trd, 863564.784, 94
Trd, 863565.118, 93
Trd, 863565.218, 97
Trd, 863565.384, 92
Trd, 863565.401, 91
Trd, 863565.568, 95
Trd, 863566.401, 101
Trd, 863566.801, 100
Trd, 863567.118, 103
Trd, 863567.701, 107
Trd, 863567.718, 95
Trd, 863568.451, 108
Trd, 863568.784, 124
Trd, 863568.884, 108
Trd, 863569.418, 105
Trd, 863570.684, 107
Trd, 863570.801, 115
Trd, 863571.201, 106
Trd, 863571.484, 100
Trd, 863571.834, 111
Trd, 863572.134, 94
Trd, 863572.718, 110
Trd, 863573.818, 106
Trd, 863573.918, 114
Trd, 863574.001, 118
Trd, 863574.151, 105
Trd, 863574.368, 105
Trd, 863574.484, 104
Trd, 863574.801, 118
Trd, 863574.968, 107
Trd, 863576.134, 105
Trd, 863576.151, 102
Trd, 863576.834, 92
Trd, 863577.334, 91
Trd, 863577.384, 90
Trd, 863577.484, 95
Trd, 863577.951, 96
Trd, 863578.134, 90
Trd, 863578.618, 70
Trd, 863578.784, 77
Trd, 863579.334, 97
Trd, 863579.468, 79
Trd, 863579.784, 92
Trd, 863580.584, 94
Trd, 863580.868, 94
Trd, 863581.218, 98
Trd, 863581.634, 92
Trd, 863582.334, 92
Trd, 863583.351, 92
Trd, 863583.518, 92
Trd, 863583.668, 95
Trd, 863583.918, 96
Trd, 863584.318, 97
Trd, 863585.134, 92
Trd, 863585.701, 91
Trd, 863585.818, 98
Trd, 863586.234, 91
Trd, 863586.251, 91
Trd, 863586.268, 90
Trd, 863586.968, 93
Trd, 863587.384, 99
Trd, 863587.418, 93
Trd, 863587.684, 92
Trd, 863587.818, 99
Trd, 863588.184, 104
Trd, 863589.084, 104
Trd, 863589.384, 105
Trd, 863589.501, 94
Trd, 863589.784, 93
Trd, 863589.984, 92
Trd, 863590.618, 114
Trd, 863591.051, 101
Trd, 863591.251, 122
Trd, 863591.584, 102
Trd, 863592.984, 103
Trd, 863593.684, 102
Trd, 863593.818, 101
Trd, 863594.068, 90
Trd, 863594.318, 82
Trd, 863594.434, 104
Trd, 863594.934, 95
Trd, 863595.268, 96
Trd, 863596.718, 98
Trd, 863596.834, 98
Trd, 863597.101, 96
Trd, 863597.234, 99
Trd, 863597.251, 107
Trd, 863597.301, 117
Trd, 863597.551, 92
Trd, 863597.884, 90
Trd, 863598.134, 87
Trd, 863598.584, 115
Trd, 863599.034, 82
Trd, 863599.501, 96
Trd, 863599.701, 82
Trd, 863600.234, 81
Trd, 863600.284, 92
Trd, 863601.568, 82
Trd, 863603.368, 92
Trd, 863603.418, 93
Trd, 863603.601, 88
Trd, 863603.784, 90
Trd, 863604.118, 91
Trd, 863604.384, 93
Trd, 863604.568, 94
Trd, 863605.634, 95
Trd, 863605.818, 96
Trd, 863605.968, 99
Trd, 863606.084, 100
Trd, 863606.634, 93
Trd, 863607.551, 97
Trd, 863608.251, 97
Trd, 863608.284, 96
Trd, 863608.684, 100
Trd, 863609.201, 94
Trd, 863609.884, 99
Trd, 863610.068, 90
Trd, 863610.184, 84
Trd, 863610.701, 80
Trd, 863611.101, 90
Trd, 863612.001, 87
Trd, 863612.068, 90
Trd, 863613.284, 88
Trd, 863613.434, 85
Trd, 863613.901, 95
Trd, 863613.918, 82
Trd, 863614.901, 92
Trd, 863615.934, 95
Trd, 863616.084, 97
Trd, 863616.151, 98
Trd, 863616.284, 93
Trd, 863616.868, 93
Trd, 863617.051, 91
Trd, 863617.151, 90
Trd, 863617.968, 102
Trd, 863618.184, 101
Trd, 863618.368, 86
Trd, 863618.418, 104
Trd, 863618.751, 91
Trd, 863619.184, 110
Trd, 863619.568, 91
Trd, 863619.784, 105
Trd, 863620.201, 98
Trd, 863621.501, 113
Trd, 863622.418, 95
Trd, 863622.484, 94
Trd, 863622.568, 93
Trd, 863623.201, 99
Trd, 863624.068, 91
Trd, 863624.718, 89
Trd, 863624.751, 88
Trd, 863624.918, 93
Trd, 863625.368, 90
Trd, 863625.418, 95
Trd, 863625.968, 70
Trd, 863627.551, 88
Trd, 863627.901, 91
Trd, 863627.918, 92
Trd, 863628.134, 84
Trd, 863628.268, 83
Trd, 863628.418, 94
Trd, 863628.451, 95
Trd, 863628.834, 86
Trd, 863630.134, 92
Trd, 863631.484, 100
Trd, 863631.534, 92
Trd, 863631.634, 91
Trd, 863631.751, 101
Trd, 863632.184, 96
Trd, 863633.418, 97
Trd, 863633.701, 97
Trd, 863633.851, 94
Trd, 863633.951, 103
Trd, 863634.134, 93
Trd, 863634.651, 96
Trd, 863634.801, 99
Trd, 863635.018, 94
Trd, 863635.251, 101
Trd, 863635.834, 101
Trd, 863636.568, 101
Trd, 863636.734, 105
Trd, 863636.784, 98
Trd, 863636.984, 98
Trd, 863637.068, 96
Trd, 863637.384, 104
Trd, 863637.734, 82
Trd, 863638.434, 101
Trd, 863638.501, 90
Trd, 863639.018, 92
Trd, 863639.051, 115
Trd, 863639.168, 91
Trd, 863639.434, 90
Trd, 863639.918, 88
Trd, 863640.101, 116
Trd, 863640.368, 79
Trd, 863641.751, 120
Trd, 863641.834, 104
Trd, 863642.168, 120
Trd, 863642.501, 114
Trd, 863642.818, 104
Trd, 863643.268, 106
Trd, 863644.334, 99
Trd, 863644.651, 90
Trd, 863644.718, 102
Trd, 863645.151, 102
Trd, 863645.351, 102
Trd, 863645.401, 101
Trd, 863645.501, 112
Trd, 863645.568, 102
Trd, 863646.201, 101
Trd, 863646.634, 99
Trd, 863646.701, 99
Trd, 863648.168, 100
Trd, 863648.768, 92
Trd, 863649.201, 92
Trd, 863649.251, 91
Trd, 863649.351, 93
Trd, 863649.401, 94
Trd, 863650.034, 94
Trd, 863651.034, 95
Trd, 863651.118, 100
Trd, 863651.668, 93
Trd, 863652.034, 94
Trd, 863652.418, 92
Trd, 863652.634, 90
Trd, 863653.684, 90
Trd, 863653.751, 90
Trd, 863654.084, 91
Trd, 863654.534, 92
Trd, 863654.618, 95
Trd, 863654.734, 90
Trd, 863655.084, 88
Trd, 863655.618, 101
Trd, 863655.784, 106
Trd, 863656.551, 112
Trd, 863656.684, 92
Trd, 863656.784, 92
Trd, 863656.984, 94
Trd, 863658.318, 91
Trd, 863658.351, 90
Trd, 863658.818, 101
Trd, 863659.001, 98
Trd, 863659.218, 98
Trd, 863659.251, 103
Trd, 863660.184, 92
Trd, 863660.218, 94
Trd, 863661.051, 93
Trd, 863661.184, 94
Trd, 863661.401, 95
Trd, 863661.484, 93
Trd, 863662.268, 100
Trd, 863662.484, 90
Trd, 863662.568, 89
Trd, 863662.651, 98
Trd, 863663.484, 88
Trd, 863664.018, 88
Trd, 863664.034, 89
Trd, 863664.201, 90
Trd, 863664.884, 88
Trd, 863664.934, 94
Trd, 863665.268, 98
Trd, 863665.968, 91
Trd, 863667.434, 91
Trd, 863667.768, 93
Trd, 863667.951, 90
Trd, 863669.184, 99
Trd, 863669.334, 94
Trd, 863669.568, 96
Trd, 863670.051, 99
Trd, 863670.218, 98
Trd, 863670.518, 107
Trd, 863670.534, 106
Trd, 863671.018, 114
Trd, 863671.101, 92
Trd, 863671.584, 102
Trd, 863671.734, 95
Trd, 863672.051, 95
Trd, 863672.101, 116
Trd, 863672.284, 92
Trd, 863673.184, 101
Trd, 863673.584, 92
Trd, 863674.751, 108
Trd, 863674.934, 104
Trd, 863675.034, 110
Trd, 863675.051, 115
Trd, 863675.801, 117
Trd, 863676.051, 90
Trd, 863676.534, 89
Trd, 863676.668, 86
Trd, 863676.684, 83
Trd, 863676.984, 93
Trd, 863677.684, 94
Trd, 863678.218, 91
Trd, 863678.251, 95
Trd, 863678.568, 90
Trd, 863678.684, 91
Trd, 863678.734, 101
Trd, 863679.568, 91
Trd, 863680.084, 90
Trd, 863680.718, 90
Trd, 863680.851, 101
Trd, 863681.184, 87
Trd, 863682.168, 86
Trd, 863682.684, 93
Trd, 863683.351, 90
Trd, 863683.918, 92
Trd, 863683.968, 98
Trd, 863684.018, 90
Trd, 863684.084, 87
Trd, 863684.284, 98
Trd, 863684.551, 104
Trd, 863685.068, 112
Trd, 863685.284, 121
Trd, 863686.034, 102
Trd, 863686.251, 105
Trd, 863686.634, 98
Trd, 863686.884, 101
Trd, 863687.001, 97
Trd, 863687.234, 95
Trd, 863687.501, 82
Trd, 863687.751, 87
Trd, 863688.618, 79
Trd, 863688.984, 86
Trd, 863689.868, 71
Trd, 863690.818, 90
Trd, 863690.901, 88
Trd, 863691.834, 87
Trd, 863691.868, 92
Trd, 863692.251, 93
Trd, 863692.918, 92
Trd, 863693.001, 92
Trd, 863693.018, 94
Trd, 863693.151, 87
Trd, 863693.384, 95
Trd, 863693.568, 95
Trd, 863694.468, 107
Trd, 863695.751, 97
Trd, 863696.034, 101
Trd, 863696.934, 109
Trd, 863697.101, 115
Trd, 863698.184, 110
Trd, 863698.368, 114
Trd, 863698.734, 117
Trd, 863698.884, 108
Trd, 863699.368, 107
Trd, 863700.068, 107
Trd, 863700.151, 106
Trd, 863700.551, 104
Trd, 863700.751, 101
Trd, 863701.318, 98
Trd, 863701.734, 101
Trd, 863701.918, 95
Trd, 863702.301, 98
Trd, 863702.784, 92
Trd, 863702.801, 100
Trd, 863702.868, 91
Trd, 863703.301, 91
Trd, 863703.734, 99
Trd, 863705.084, 91
Trd, 863705.101, 90
Trd, 863705.534, 94
Trd, 863705.734, 101
Trd, 863706.601, 102
Trd, 863706.884, 96
Trd, 863707.134, 95
Trd, 863707.234, 105
Trd, 863707.601, 94
Trd, 863707.801, 90
Trd, 863707.951, 95
Trd, 863708.318, 99
Trd, 863708.401, 90
Trd, 863708.984, 87
Trd, 863709.451, 84
Trd, 863709.901, 88
Trd, 863709.918, 95
Trd, 863710.184, 94
Trd, 863710.468, 92
Trd, 863711.101, 88
Trd, 863711.251, 98
Trd, 863711.951, 97
Trd, 863712.201, 105
Trd, 863712.751, 93
Trd, 863712.884, 100
Trd, 863713.218, 93
Trd, 863713.484, 91
Trd, 863713.618, 90
Trd, 863714.734, 101
Trd, 863715.818, 89
Trd, 863715.834, 86
Trd, 863715.918, 102
Trd, 863716.634, 85
Trd, 863716.701, 84
Trd, 863717.051, 82
Trd, 863717.118, 87
Trd, 863717.251, 94
Trd, 863717.701, 95
Trd, 863717.884, 90
Trd, 863718.084, 97
Trd, 863718.884, 81
Trd, 863719.818, 106
Trd, 863720.118, 84
Trd, 863720.768, 87
Trd, 863721.568, 86
Trd, 863721.834, 100
Trd, 863722.201, 104
Trd, 863722.318, 94
Trd, 863722.334, 93
Trd, 863722.351, 89
Trd, 863722.818, 91
Trd, 863722.918, 90
Trd, 863723.234, 92
Trd, 863724.168, 103
Trd, 863724.318, 101
Trd, 863724.401, 112
Trd, 863725.151, 110
Trd, 863725.651, 112
Trd, 863725.934, 90
Trd, 863726.584, 92
Trd, 863726.834, 90
Trd, 863727.218, 100
Trd, 863727.368, 90
Trd, 863727.801, 92
Trd, 863728.668, 106
Trd, 863728.901, 112
Trd, 863729.051, 113
Trd, 863729.568, 105
Trd, 863729.818, 105
Trd, 863731.118, 106
Trd, 863731.284, 104
Trd, 863731.334, 107
Trd, 863731.451, 104
Trd, 863731.584, 98
Trd, 863732.001, 95
Trd, 863732.318, 83
Trd, 863733.101, 106
Trd, 863733.368, 100
Trd, 863733.918, 86
Trd, 863734.701, 92
Trd, 863735.068, 95
Trd, 863735.934, 94
Trd, 863735.984, 90
Trd, 863736.951, 94
Trd, 863737.018, 95
Trd, 863737.784, 94
Trd, 863738.118, 92
Trd, 863739.034, 94
Trd, 863739.084, 95
Trd, 863739.234, 95
Trd, 863739.601, 95
Trd, 863739.784, 94
Trd, 863741.151, 96
Trd, 863741.218, 97
Trd, 863741.518, 95
Trd, 863741.918, 94
Trd, 863741.934, 95
Trd, 863742.751, 92
Trd, 863742.868, 96
Trd, 863742.934, 102
Trd, 863743.284, 103
Trd, 863743.401, 101
Trd, 863745.001, 101
Trd, 863745.151, 111
Trd, 863745.334, 100
Trd, 863745.701, 99
Trd, 863745.801, 115
Trd, 863746.584, 95
Trd, 863746.918, 116
Trd, 863747.068, 90
Trd, 863747.801, 98
Trd, 863747.934, 107
Trd, 863748.618, 93
Trd, 863748.851, 92
Trd, 863749.534, 94
Trd, 863749.834, 90
Trd, 863750.251, 95
Trd, 863750.784, 103
Trd, 863751.718, 107
Trd, 863752.051, 106
Trd, 863752.218, 105
Trd, 863752.984, 104
Trd, 863753.168, 103
Trd, 863753.718, 104
Trd, 863753.834, 105
Trd, 863753.851, 101
Trd, 863753.951, 99
Trd, 863754.384, 112
Trd, 863754.468, 96
Trd, 863755.551, 100
Trd, 863755.768, 113
Trd, 863755.818, 98
Trd, 863756.018, 101
Trd, 863756.884, 98
Trd, 863756.951, 107
Trd, 863757.018, 101
Trd, 863757.684, 96
Trd, 863758.701, 94
Trd, 863758.818, 90
Trd, 863759.034, 108
Trd, 863759.868, 107
Trd, 863759.934, 105
Trd, 863760.501, 91
Trd, 863760.668, 94
Trd, 863760.701, 116
Trd, 863761.334, 106
Trd, 863761.718, 107
Trd, 863762.001, 91
Trd, 863762.551, 101
Trd, 863762.801, 91
Trd, 863763.051, 90
Trd, 863763.501, 82
Trd, 863764.118, 84
Trd, 863765.068, 91
Trd, 863766.051, 91
Trd, 863766.834, 93
Trd, 863767.001, 94
Trd, 863768.284, 93
Trd, 863768.701, 93
Trd, 863768.768, 95
Trd, 863769.034, 93
Trd, 863769.284, 95
Trd, 863769.384, 101
Trd, 863769.501, 91
Trd, 863769.734, 102
Trd, 863770.451, 99
Trd, 863770.568, 90
Trd, 863771.068, 90
Trd, 863771.468, 114
Trd, 863772.051, 90
Trd, 863772.451, 102
Trd, 863772.701, 115
Trd, 863772.851, 103
Trd, 863773.518, 92
Trd, 863773.684, 88
Trd, 863774.001, 82
Trd, 863774.568, 83
Trd, 863774.868, 90
Trd, 863775.334, 91
Trd, 863776.518, 87
Trd, 863776.801, 85
Trd, 863777.768, 99
Trd, 863778.034, 92
Trd, 863778.184, 90
Trd, 863778.801, 87
Trd, 863779.218, 89
Trd, 863779.451, 93
Trd, 863779.934, 94
Trd, 863780.201, 95
Trd, 863781.368, 92
Trd, 863781.718, 95
Trd, 863781.884, 101
Trd, 863782.134, 87
Trd, 863782.668, 91
Trd, 863783.618, 94
Trd, 863783.734, 95
Trd, 863783.884, 93
Trd, 863784.068, 98
Trd, 863784.784, 94
Trd, 863784.868, 96
Trd, 863785.184, 91
Trd, 863785.201, 91
Trd, 863786.218, 90
Trd, 863786.334, 82
Trd, 863787.068, 79
Trd, 863787.484, 101
Trd, 863787.968, 102
Trd, 863788.001, 120
Trd, 863788.084, 124
Trd, 863788.518, 90
Trd, 863788.951, 92
Trd, 863789.034, 97
Trd, 863789.334, 91
Trd, 863789.584, 101
Trd, 863790.168, 99
Trd, 863790.184, 91
Trd, 863790.868, 92
Trd, 863791.868, 92
Trd, 863792.451, 110
Trd, 863792.601, 117
Trd, 863792.851, 108
Trd, 863793.434, 94
Trd, 863793.751, 93
Trd, 863793.901, 112
Trd, 863794.301, 93
Trd, 863794.351, 91
Trd, 863794.468, 102
Trd, 863794.668, 91
Trd, 863795.401, 92
Trd, 863795.534, 93
Trd, 863796.334, 99
Trd, 863797.801, 98
Trd, 863797.968, 93
Trd, 863798.501, 93
Trd, 863798.601, 100
Trd, 863799.018, 93
Trd, 863799.668, 96
Trd, 863800.418, 90
Trd, 863800.451, 98
Trd, 863800.684, 89
Trd, 863801.201, 90
Trd, 863801.284, 91
Trd, 863801.301, 88
Trd, 863801.718, 98
Trd, 863801.884, 86
Trd, 863802.968, 86
Trd, 863803.034, 87
Trd, 863803.518, 84
Trd, 863804.184, 93
Trd, 863804.201, 94
Trd, 863804.534, 103
Trd, 863805.351, 108
Trd, 863805.968, 106
Trd, 863805.984, 104
Trd, 863806.368, 104
Trd, 863806.834, 105
Trd, 863807.101, 103
Trd, 863807.168, 101
Trd, 863807.251, 126
Trd, 863807.734, 101
Trd, 863808.384, 92
Trd, 863808.601, 92
Trd, 863808.751, 93
Trd, 863808.884, 95
Trd, 863809.001, 82
Trd, 863809.451, 81
Trd, 863809.634, 87
Trd, 863810.168, 90
Trd, 863810.601, 122
Trd, 863811.918, 92
Trd, 863812.468, 94
Trd, 863812.651, 93
Trd, 863813.151, 92
Trd, 863813.368, 94
Trd, 863813.384, 101
Trd, 863813.551, 92
Trd, 863814.334, 93
Trd, 863814.768, 100
Trd, 863814.834, 90
Trd, 863814.868, 102
Trd, 863815.684, 90
Trd, 863817.168, 90
Trd, 863817.284, 92
Trd, 863817.751, 88
Trd, 863817.784, 90
Trd, 863818.518, 92
Trd, 863818.901, 95
Trd, 863819.484, 96
Trd, 863820.184, 101
Trd, 863820.268, 101
Trd, 863820.568, 93
Trd, 863821.868, 93
Trd, 863822.084, 93
Trd, 863822.418, 101
Trd, 863822.968, 91
Trd, 863823.068, 90
Trd, 863823.351, 111
Trd, 863823.651, 91
Trd, 863823.984, 104
Trd, 863824.668, 96
Trd, 863825.318, 99
Trd, 863825.418, 111
Trd, 863825.934, 100
Trd, 863826.001, 99
Trd, 863826.051, 100
Trd, 863826.651, 102
Trd, 863826.718, 115
Trd, 863827.134, 96
Trd, 863827.151, 91
Trd, 863827.168, 89
Trd, 863827.968, 93
Trd, 863829.151, 86
Trd, 863829.334, 90
Trd, 863829.601, 85
Trd, 863829.868, 84
Trd, 863830.001, 93
Trd, 863830.351, 92
Trd, 863831.418, 95
Trd, 863831.784, 87
Trd, 863832.068, 90
Trd, 863832.134, 103
Trd, 863832.768, 103
Trd, 863833.118, 100
Trd, 863833.418, 100
Trd, 863834.634, 92
Trd, 863834.684, 91
Trd, 863835.034, 90
Trd, 863835.718, 94
Trd, 863835.784, 90
Trd, 863836.351, 82
Trd, 863836.451, 92
Trd, 863836.651, 93
Trd, 863837.301, 91
Trd, 863837.401, 100
Trd, 863837.534, 91
Trd, 863837.868, 92
Trd, 863838.334, 102
Trd, 863838.451, 103
Trd, 863838.468, 92
Trd, 863838.618, 96
Trd, 863838.684, 91
Trd, 863838.834, 91
Trd, 863838.951, 90
Trd, 863839.468, 118
Trd, 863840.334, 79
Trd, 863840.418, 93
Trd, 863841.234, 97
Trd, 863841.451, 99
Trd, 863842.684, 97
Trd, 863843.034, 100
Trd, 863843.618, 101
Trd, 863843.651, 104
Trd, 863844.101, 98
Trd, 863845.018, 98
Trd, 863845.318, 98
Trd, 863845.334, 97
Trd, 863845.934, 95
Trd, 863846.234, 101
Trd, 863846.418, 102
Trd, 863846.501, 105
Trd, 863846.584, 92
Trd, 863847.118, 82
Trd, 863847.651, 105
Trd, 863847.818, 115
Trd, 863848.301, 90
Trd, 863849.051, 90
Trd, 863850.401, 94
Trd, 863850.734, 86
Trd, 863851.134, 112
Trd, 863851.151, 93
Trd, 863851.401, 94
Trd, 863851.784, 95
Trd, 863852.318, 106
Trd, 863852.568, 104
Trd, 863853.751, 87
Trd, 863853.801, 88
Trd, 863854.801, 92
Trd, 863855.968, 93
Trd, 863855.984, 92
Trd, 863856.868, 93
Trd, 863857.634, 93
Trd, 863857.734, 92
Trd, 863857.751, 91
Trd, 863858.284, 90
Trd, 863858.484, 95
Trd, 863859.868, 97
Trd, 863860.118, 97
Trd, 863860.201, 102
Trd, 863860.318, 95
Trd, 863861.134, 98
Trd, 863861.234, 101
Trd, 863861.401, 123
Trd, 863862.018, 126
Trd, 863862.618, 90
Trd, 863863.251, 93
Trd, 863863.318, 100
Trd, 863864.151, 107
Trd, 863864.268, 103
Trd, 863864.451, 103
Trd, 863865.368, 106
Trd, 863866.234, 100
Trd, 863866.351, 101
Trd, 863866.618, 100
Trd, 863866.634, 99
Trd, 863866.784, 97
Trd, 863867.151, 98
Trd, 863867.918, 92
Trd, 863868.334, 89
Trd, 863868.818, 94
Trd, 863868.884, 90
Trd, 863868.934, 104
Trd, 863869.568, 82
Trd, 863870.601, 92
Trd, 863871.868, 84
Trd, 863871.951, 82
Trd, 863872.384, 86
Trd, 863872.418, 81
Trd, 863872.584, 87
Trd, 863872.901, 96
Trd, 863873.618, 86
Trd, 863874.151, 97
Trd, 863874.601, 100
Trd, 863874.768, 112
Trd, 863874.884, 93
Trd, 863875.518, 91
Trd, 863876.168, 95
Trd, 863876.284, 98
Trd, 863876.401, 91
Trd, 863877.084, 92
Trd, 863877.918, 94
Trd, 863878.384, 92
Trd, 863878.584, 92
Trd, 863878.668, 99
Trd, 863879.234, 100
Trd, 863879.268, 100
Trd, 863879.284, 98
Trd, 863879.584, 87
Trd, 863879.734, 88
Trd, 863879.801, 82
Trd, 863880.468, 90
Trd, 863881.734, 88
Trd, 863881.751, 89
Trd, 863882.201, 90
Trd, 863882.801, 95
Trd, 863883.084, 96
Trd, 863883.184, 91
Trd, 863883.751, 99
Trd, 863884.068, 93
Trd, 863884.351, 91
Trd, 863885.634, 95
Trd, 863886.818, 96
Trd, 863887.068, 96
Trd, 863887.218, 97
Trd, 863887.401, 94
Trd, 863887.668, 99
Trd, 863887.934, 103
Trd, 863888.534, 118
Trd, 863889.801, 97
Trd, 863889.818, 94
Trd, 863889.868, 101
Trd, 863890.084, 90
Trd, 863890.251, 89
Trd, 863890.634, 91
Trd, 863891.001, 98
Trd, 863891.284, 89
Trd, 863891.418, 99
Trd, 863891.868, 124
Trd, 863893.184, 89
Trd, 863893.701, 111
Trd, 863894.018, 95
Trd, 863894.184, 106
Trd, 863894.718, 93
Trd, 863895.118, 101
Trd, 863895.618, 110
Trd, 863895.651, 93
Trd, 863895.918, 93
Trd, 863895.968, 92
Trd, 863896.434, 117
Trd, 863896.451, 104
Trd, 863896.684, 101
Trd, 863897.034, 92
Trd, 863897.251, 93
Trd, 863898.184, 94
Trd, 863899.118, 92
Trd, 863899.534, 93
Trd, 863899.551, 95
Trd, 863899.568, 91
Trd, 863900.034, 90
Trd, 863900.051, 97
Trd, 863900.451, 84
Trd, 863901.468, 84
Trd, 863901.884, 90
Trd, 863902.101, 91
Trd, 863903.151, 94
Trd, 863903.251, 85
Trd, 863903.584, 87
Trd, 863903.601, 95
Trd, 863904.318, 85
Trd, 863904.734, 91
Trd, 863905.434, 88
Trd, 863905.884, 83
Trd, 863906.068, 90
Trd, 863907.584, 87
Trd, 863907.618, 95
Trd, 863907.801, 99
Trd, 863907.818, 98
Trd, 863908.018, 80
Trd, 863908.618, 103
Trd, 863908.901, 85
Trd, 863909.684, 103
Trd, 863910.118, 101
Trd, 863910.918, 99
Trd, 863911.184, 97
Trd, 863911.568, 99
Trd, 863911.584, 96
Trd, 863912.134, 94
Trd, 863912.284, 91
Trd, 863912.301, 117
Trd, 863912.451, 120
Trd, 863913.084, 90
Trd, 863913.318, 109
Trd, 863913.584, 101
Trd, 863913.751, 100
Trd, 863913.801, 99
Trd, 863914.851, 94
Trd, 863915.184, 90
Trd, 863915.318, 103
Trd, 863916.518, 84
Trd, 863918.151, 107
Trd, 863918.268, 106
Trd, 863918.368, 105
Trd, 863918.718, 103
Trd, 863918.851, 109
Trd, 863918.918, 101
Trd, 863918.951, 97
Trd, 863919.001, 110
Trd, 863919.601, 106
Trd, 863919.618, 112
Trd, 863919.634, 88
Trd, 863919.968, 90
Trd, 863920.634, 83
Trd, 863921.151, 93
Trd, 863921.434, 92
Trd, 863921.901, 90
Trd, 863921.918, 88
Trd, 863922.151, 96
Trd, 863922.834, 82
Trd, 863923.184, 96
Trd, 863923.551, 101
Trd, 863923.784, 118
Trd, 863925.568, 87
Trd, 863925.584, 88
Trd, 863925.834, 92
Trd, 863926.118, 99
Trd, 863926.718, 99
Trd, 863927.184, 102
Trd, 863927.451, 92
Trd, 863927.618, 91
Trd, 863927.784, 98
Trd, 863928.484, 99
Trd, 863928.751, 96
Trd, 863929.218, 95
Trd, 863929.751, 93
Trd, 863930.384, 90
Trd, 863931.001, 91
Trd, 863931.468, 83
Trd, 863931.518, 94
Trd, 863931.551, 95
Trd, 863931.968, 80
Trd, 863931.984, 88
Trd, 863932.151, 79
Trd, 863932.284, 76
Trd, 863932.684, 95
Trd, 863933.751, 90
Trd, 863934.984, 89
Trd, 863935.351, 90
Trd, 863935.551, 87
Trd, 863936.534, 94
Trd, 863937.668, 98
Trd, 863938.184, 96
Trd, 863938.418, 95
Trd, 863938.984, 96
Trd, 863939.018, 99
Trd, 863939.301, 94
Trd, 863939.951, 102
Trd, 863940.118, 103
Trd, 863940.168, 105
Trd, 863940.501, 103
Trd, 863940.634, 102
Trd, 863941.268, 106
Trd, 863941.284, 93
Trd, 863941.434, 108
Trd, 863942.084, 98
Trd, 863942.168, 89
Trd, 863942.918, 105
Trd, 863943.484, 102
Trd, 863943.918, 109
Trd, 863944.051, 101
Trd, 863944.601, 94
Trd, 863945.284, 97
Trd, 863945.368, 112
Trd, 863945.634, 112
Trd, 863947.984, 109
Trd, 863948.201, 110
Trd, 863948.484, 105
Trd, 863948.584, 106
Trd, 863948.901, 105
Trd, 863948.984, 104
Trd, 863949.501, 97
Trd, 863949.934, 111
Trd, 863950.068, 113
Trd, 863950.134, 100
Trd, 863950.401, 99
Trd, 863950.784, 112
Trd, 863950.851, 101
Trd, 863950.951, 115
Trd, 863951.251, 97
Trd, 863951.484, 96
Trd, 863951.518, 98
Trd, 863951.651, 95
Trd, 863951.868, 101
Trd, 863952.234, 91
Trd, 863953.184, 92
Trd, 863953.701, 90
Trd, 863953.984, 88
Trd, 863954.134, 94
Trd, 863954.451, 84
Trd, 863954.534, 83
Trd, 863954.884, 87
Trd, 863955.184, 82
Trd, 863956.201, 95
Trd, 863956.268, 95
Trd, 863956.768, 88
Trd, 863958.534, 87
Trd, 863958.651, 96
Trd, 863958.851, 102
Trd, 863959.768, 96
Trd, 863959.918, 93
Trd, 863960.351, 93
Trd, 863960.784, 92
Trd, 863960.801, 97
Trd, 863960.868, 91
Trd, 863961.701, 91
Trd, 863961.968, 82
Trd, 863963.334, 101
Trd, 863963.568, 98
Trd, 863964.451, 94
Trd, 863964.784, 98
Trd, 863964.884, 91
Trd, 863965.134, 89
Trd, 863965.201, 88
Trd, 863965.218, 100
Trd, 863965.534, 101
Trd, 863965.768, 114
Trd, 863966.418, 123
Trd, 863966.868, 104
Trd, 863966.918, 91
Trd, 863967.651, 90
Trd, 863967.751, 94
Trd, 863967.884, 107
Trd, 863968.468, 99
Trd, 863968.851, 101
Trd, 863969.201, 103
Trd, 863969.301, 98
Trd, 863969.518, 112
Trd, 863971.118, 91
Trd, 863972.151, 96
Trd, 863972.201, 93
Trd, 863972.868, 91
Trd, 863973.101, 90
Trd, 863973.334, 97
Trd, 863973.468, 99
Trd, 863973.851, 91
Trd, 863974.634, 90
Trd, 863975.034, 101
Trd, 863975.301, 102
Trd, 863975.668, 115
Trd, 863975.751, 96
Trd, 863976.118, 117
Trd, 863976.401, 92
Trd, 863976.484, 85
Trd, 863976.601, 101
Trd, 863976.651, 117
Trd, 863977.168, 118
Trd, 863977.734, 90
Trd, 863978.034, 105
Trd, 863978.534, 102
Trd, 863979.068, 100
Trd, 863979.084, 98
Trd, 863979.334, 98
Trd, 863981.301, 93
Trd, 863981.834, 97
Trd, 863982.101, 102
Trd, 863982.384, 95
Trd, 863982.601, 94
Trd, 863983.318, 98
Trd, 863983.768, 101
Trd, 863984.318, 100
Trd, 863984.351, 99
Trd, 863984.418, 98
Trd, 863985.401, 93
Trd, 863985.851, 109
Trd, 863986.551, 105
Trd, 863986.584, 111
Trd, 863987.334, 106
Trd, 863988.118, 113
Trd, 863988.768, 112
Trd, 863988.868, 109
Trd, 863989.601, 113
Trd, 863990.234, 113
Trd, 863990.301, 112
Trd, 863990.401, 111
Trd, 863990.618, 106
Trd, 863991.001, 101
Trd, 863992.751, 90
Trd, 863993.018, 90
Trd, 863993.201, 88
Trd, 863993.734, 91
Trd, 863993.801, 102
Trd, 863995.001, 91
Trd, 863995.018, 96
Trd, 863995.251, 97
Trd, 863995.318, 91
Trd, 863995.934, 94
Trd, 863996.768, 93
Trd, 863996.784, 100
Trd, 863997.234, 93
Trd, 863997.284, 102
Trd, 863997.384, 103
Trd, 863997.651, 116
Trd, 863998.168, 101
Trd, 863998.368, 123
Trd, 863999.201, 95
Trd, 863999.984, 105
