Trd, 863309.334, 110
Trd, 863309.451, 112
Trd, 863309.851, 110
Trd, 863309.934, 105
Trd, 863310.818, 112
Trd, 863310.951, 109
Trd, 863311.201, 109
Trd, 863311.451, 94
Trd, 863311.518, 93
Trd, 863311.851, 106
Trd, 863312.434, 117
Trd, 863313.484, 112
Trd, 863313.818, 100
Trd, 863313.984, 99
Trd, 863314.551, 101
Trd, 863314.568, 96
Trd, 863314.751, 95
Trd, 863315.034, 102
Trd, 863315.101, 100
Trd, 863316.268, 112
Trd, 863317.218, 113
Trd, 863317.568, 108
Trd, 863317.768, 102
Trd, 863318.151, 100
Trd, 863318.418, 95
Trd, 863319.101, 90
Trd, 863319.701, 99
Trd, 863319.751, 95
Trd, 863320.251, 89
Trd, 863320.334, 109
Trd, 863321.234, 110
Trd, 863321.734, 106
Trd, 863322.501, 102
Trd, 863322.634, 110
Trd, 863323.084, 106
Trd, 863323.234, 98
Trd, 863323.434, 110
Trd, 863323.984, 112
Trd, 863324.351, 113
Trd, 863324.718, 107
Trd, 863326.018, 114
Trd, 863326.101, 109
Trd, 863326.384, 115
Trd, 863327.184, 105
Trd, 863327.251, 119
Trd, 863327.618, 108
Trd, 863328.001, 105
Trd, 863328.018, 117
Trd, 863328.601, 110
Trd, 863328.634, 98
Trd, 863328.651, 98
Trd, 863328.934, 110
Trd, 863329.101, 96
Trd, 863329.268, 97
Trd, 863329.634, 113
Trd, 863330.101, 104
Trd, 863330.234, 118
Trd, 863330.951, 109
Trd, 863332.701, 108
Trd, 863332.834, 114
Trd, 863333.168, 104
Trd, 863333.401, 112
Trd, 863333.484, 95
Trd, 863333.618, 99
Trd, 863334.184, 100
Trd, 863334.268, 117
Trd, 863334.584, 113
Trd, 863334.651, 85
Trd, 863335.201, 101
Trd, 863335.484, 103
Trd, 863335.634, 90
Trd, 863335.868, 99
Trd, 863337.651, 105
Trd, 863338.251, 103
Trd, 863338.868, 106
Trd, 863338.918, 95
Trd, 863339.868, 102
Trd, 863339.901, 104
Trd, 863340.684, 104
Trd, 863340.934, 100
Trd, 863341.001, 95
Trd, 863341.468, 99
Trd, 863341.651, 100
Trd, 863341.684, 93
Trd, 863343.051, 104
Trd, 863343.101, 101
Trd, 863343.184, 108
Trd, 863343.351, 106
Trd, 863343.801, 98
Trd, 863344.301, 115
Trd, 863344.451, 115
Trd, 863344.851, 119
Trd, 863345.001, 113
Trd, 863346.101, 114
Trd, 863346.751, 112
Trd, 863346.868, 112
Trd, 863346.984, 110
Trd, 863347.234, 106
Trd, 863347.418, 119
Trd, 863347.468, 94
Trd, 863348.284, 109
Trd, 863348.484, 108
Trd, 863349.151, 99
Trd, 863349.518, 102
Trd, 863349.668, 104
Trd, 863350.851, 101
Trd, 863350.884, 97
Trd, 863350.984, 107
Trd, 863351.684, 95
Trd, 863352.018, 112
Trd, 863352.334, 90
Trd, 863353.201, 91
Trd, 863353.318, 93
Trd, 863353.434, 94
Trd, 863353.468, 99
Trd, 863353.568, 108
Trd, 863353.751, 101
Trd, 863354.034, 95
Trd, 863354.784, 106
Trd, 863354.884, 92
Trd, 863355.234, 95
Trd, 863355.518, 90
Trd, 863356.184, 90
Trd, 863356.301, 93
Trd, 863357.218, 96
Trd, 863358.018, 109
Trd, 863358.268, 116
Trd, 863358.601, 110
Trd, 863358.818, 102
Trd, 863359.718, 89
Trd, 863359.918, 107
Trd, 863359.951, 108
Trd, 863360.251, 105
Trd, 863360.584, 79
Trd, 863361.368, 95
Trd, 863361.551, 83
Trd, 863362.634, 112
Trd, 863363.034, 104
Trd, 863363.268, 101
Trd, 863363.484, 105
Trd, 863363.584, 100
Trd, 863363.701, 103
Trd, 863363.951, 106
Trd, 863365.551, 105
Trd, 863366.151, 101
Trd, 863366.201, 107
Trd, 863366.601, 100
Trd, 863366.834, 98
Trd, 863366.901, 108
Trd, 863367.134, 109
Trd, 863367.851, 93
Trd, 863368.384, 107
Trd, 863368.718, 112
Trd, 863368.901, 105
Trd, 863369.634, 114
Trd, 863369.901, 98
Trd, 863370.551, 94
Trd, 863371.068, 108
Trd, 863371.701, 105
Trd, 863371.901, 93
Trd, 863371.934, 105
Trd, 863371.968, 90
Trd, 863372.618, 106
Trd, 863373.368, 109
Trd, 863373.784, 100
Trd, 863374.001, 110
Trd, 863374.134, 101
Trd, 863375.134, 101
Trd, 863375.468, 80
Trd, 863375.518, 79
Trd, 863376.351, 99
Trd, 863376.468, 94
Trd, 863376.484, 104
Trd, 863377.768, 102
Trd, 863377.834, 104
Trd, 863378.684, 98
Trd, 863379.068, 107
Trd, 863379.084, 97
Trd, 863379.184, 97
Trd, 863379.951, 109
Trd, 863380.051, 110
Trd, 863380.668, 105
Trd, 863380.851, 104
Trd, 863380.984, 114
Trd, 863381.151, 95
Trd, 863381.818, 121
Trd, 863382.151, 113
Trd, 863382.234, 110
Trd, 863382.601, 102
Trd, 863382.868, 102
Trd, 863383.234, 106
Trd, 863383.668, 100
Trd, 863384.118, 106
Trd, 863384.934, 111
Trd, 863385.518, 112
Trd, 863385.734, 107
Trd, 863386.034, 94
Trd, 863387.418, 106
Trd, 863387.534, 108
Trd, 863388.168, 99
Trd, 863388.301, 103
Trd, 863388.851, 118
Trd, 863389.201, 109
Trd, 863389.451, 98
Trd, 863389.918, 98
Trd, 863390.018, 99
Trd, 863390.168, 115
Trd, 863390.401, 95
Trd, 863390.534, 107
Trd, 863391.018, 108
Trd, 863392.084, 91
Trd, 863392.168, 111
Trd, 863392.668, 96
Trd, 863392.751, 107
Trd, 863393.751, 106
Trd, 863393.868, 104
Trd, 863394.134, 101
Trd, 863394.451, 106
Trd, 863394.518, 110
Trd, 863396.068, 112
Trd, 863396.251, 117
Trd, 863396.851, 106
Trd, 863397.418, 105
Trd, 863397.634, 112
Trd, 863397.834, 99
Trd, 863398.101, 97
Trd, 863398.401, 100
Trd, 863399.618, 111
Trd, 863399.784, 95
Trd, 863399.851, 114
Trd, 863400.184, 103
Trd, 863400.368, 95
Trd, 863400.484, 92
Trd, 863400.601, 118
Trd, 863400.868, 89
Trd, 863400.951, 97
Trd, 863401.218, 86
Trd, 863401.618, 94
Trd, 863402.184, 106
Trd, 863402.501, 81
Trd, 863402.518, 79
Trd, 863403.318, 98
Trd, 863403.634, 90
Trd, 863403.934, 81
Trd, 863404.218, 91
Trd, 863404.351, 103
Trd, 863404.618, 104
Trd, 863404.984, 90
Trd, 863405.034, 93
Trd, 863405.168, 102
Trd, 863405.718, 111
Trd, 863407.134, 103
Trd, 863407.351, 95
Trd, 863407.484, 91
Trd, 863407.651, 101
Trd, 863408.701, 102
Trd, 863409.468, 92
Trd, 863409.668, 95
Trd, 863410.501, 92
Trd, 863411.084, 95
Trd, 863411.118, 98
Trd, 863411.168, 99
Trd, 863411.318, 92
Trd, 863411.334, 91
Trd, 863412.101, 104
Trd, 863412.184, 109
Trd, 863412.534, 93
Trd, 863412.801, 105
Trd, 863413.218, 116
Trd, 863413.534, 96
Trd, 863413.934, 102
Trd, 863414.701, 94
Trd, 863415.101, 101
Trd, 863415.401, 113
Trd, 863416.034, 101
Trd, 863416.218, 124
Trd, 863416.634, 106
Trd, 863416.734, 125
Trd, 863418.368, 111
Trd, 863419.101, 106
Trd, 863419.184, 113
Trd, 863419.201, 104
Trd, 863419.768, 104
Trd, 863420.184, 110
Trd, 863420.551, 112
Trd, 863420.818, 113
Trd, 863420.901, 94
Trd, 863421.118, 101
Trd, 863421.518, 113
Trd, 863422.068, 101
Trd, 863422.601, 98
Trd, 863422.868, 107
Trd, 863422.884, 118
Trd, 863423.634, 109
Trd, 863423.668, 95
Trd, 863424.334, 95
Trd, 863424.834, 99
Trd, 863425.368, 90
Trd, 863425.584, 89
Trd, 863425.884, 88
Trd, 863426.151, 89
Trd, 863426.518, 87
Trd, 863426.551, 91
Trd, 863427.134, 96
Trd, 863427.401, 102
Trd, 863427.551, 103
Trd, 863429.818, 98
Trd, 863430.451, 103
Trd, 863430.818, 98
Trd, 863430.884, 104
Trd, 863431.051, 104
Trd, 863431.818, 104
Trd, 863432.434, 101
Trd, 863432.484, 99
Trd, 863432.634, 95
Trd, 863432.951, 92
Trd, 863433.484, 112
Trd, 863433.584, 107
Trd, 863433.984, 118
Trd, 863434.434, 100
Trd, 863435.001, 118
Trd, 863435.584, 120
Trd, 863435.934, 107
Trd, 863436.001, 98
Trd, 863436.951, 96
Trd, 863437.584, 95
Trd, 863437.951, 96
Trd, 863437.968, 97
Trd, 863438.051, 89
Trd, 863438.218, 104
Trd, 863438.434, 104
Trd, 863439.101, 109
Trd, 863439.268, 120
Trd, 863439.784, 95
Trd, 863440.134, 89
Trd, 863440.634, 95
Trd, 863441.418, 103
Trd, 863441.734, 92
Trd, 863442.951, 101
Trd, 863443.068, 101
Trd, 863443.768, 103
Trd, 863444.634, 104
Trd, 863444.734, 94
Trd, 863444.801, 82
Trd, 863445.218, 104
Trd, 863445.651, 94
Trd, 863445.901, 100
Trd, 863445.934, 99
Trd, 863446.051, 108
Trd, 863446.334, 92
Trd, 863446.834, 108
Trd, 863447.451, 108
Trd, 863448.734, 108
Trd, 863448.918, 100
Trd, 863449.018, 98
Trd, 863449.234, 107
Trd, 863449.884, 95
Trd, 863450.651, 96
Trd, 863450.718, 93
Trd, 863451.051, 98
Trd, 863451.134, 99
Trd, 863451.518, 112
Trd, 863452.068, 109
Trd, 863452.551, 106
Trd, 863452.601, 112
Trd, 863453.434, 94
Trd, 863454.201, 95
Trd, 863454.451, 94
Trd, 863454.801, 99
Trd, 863455.001, 100
Trd, 863455.168, 97
Trd, 863455.834, 102
Trd, 863456.034, 104
Trd, 863456.218, 100
Trd, 863456.318, 97
Trd, 863456.418, 107
Trd, 863456.451, 90
Trd, 863456.834, 92
Trd, 863457.234, 109
Trd, 863457.651, 114
Trd, 863457.751, 105
Trd, 863457.768, 116
Trd, 863458.434, 104
Trd, 863458.834, 109
Trd, 863459.251, 106
Trd, 863459.451, 95
Trd, 863459.668, 111
Trd, 863461.534, 103
Trd, 863461.851, 104
Trd, 863461.884, 101
Trd, 863462.051, 106
Trd, 863462.068, 93
Trd, 863462.768, 94
Trd, 863462.784, 90
Trd, 863463.451, 104
Trd, 863463.551, 116
Trd, 863464.184, 96
Trd, 863465.001, 114
Trd, 863465.334, 106
Trd, 863465.901, 113
Trd, 863466.268, 109
Trd, 863467.518, 106
Trd, 863467.851, 117
Trd, 863468.184, 118
Trd, 863468.651, 106
Trd, 863468.751, 115
Trd, 863468.834, 95
Trd, 863468.968, 94
Trd, 863469.218, 95
Trd, 863469.851, 103
Trd, 863470.001, 105
Trd, 863470.034, 109
Trd, 863470.384, 102
Trd, 863470.818, 99
Trd, 863471.001, 99
Trd, 863471.218, 100
Trd, 863471.818, 107
Trd, 863472.634, 95
Trd, 863472.768, 104
Trd, 863473.384, 93
Trd, 863473.451, 112
Trd, 863473.701, 112
Trd, 863474.068, 96
Trd, 863474.468, 93
Trd, 863475.684, 104
Trd, 863476.068, 108
Trd, 863476.384, 102
Trd, 863476.618, 109
Trd, 863476.834, 101
Trd, 863477.351, 110
Trd, 863477.384, 107
Trd, 863477.868, 110
Trd, 863478.201, 102
Trd, 863478.718, 109
Trd, 863479.101, 118
Trd, 863479.184, 106
Trd, 863480.068, 102
Trd, 863480.284, 101
Trd, 863480.684, 96
Trd, 863480.701, 92
Trd, 863481.134, 87
Trd, 863481.301, 87
Trd, 863481.651, 105
Trd, 863481.834, 111
Trd, 863482.568, 117
Trd, 863482.634, 91
Trd, 863482.768, 87
Trd, 863482.968, 92
Trd, 863483.134, 121
Trd, 863484.268, 112
Trd, 863484.284, 107
Trd, 863484.501, 105
Trd, 863484.818, 98
Trd, 863486.318, 92
Trd, 863486.518, 111
Trd, 863486.618, 91
Trd, 863487.401, 110
Trd, 863487.534, 111
Trd, 863488.534, 107
Trd, 863488.551, 106
Trd, 863488.634, 103
Trd, 863488.668, 100
Trd, 863488.718, 96
Trd, 863488.918, 103
Trd, 863489.184, 103
Trd, 863490.218, 99
Trd, 863490.351, 102
Trd, 863490.884, 114
Trd, 863491.151, 102
Trd, 863492.218, 112
Trd, 863492.301, 108
Trd, 863492.334, 117
Trd, 863493.534, 100
Trd, 863493.634, 103
Trd, 863494.334, 104
Trd, 863494.601, 107
Trd, 863495.151, 105
Trd, 863495.368, 105
Trd, 863495.434, 104
Trd, 863495.834, 95
Trd, 863496.251, 90
Trd, 863496.368, 110
Trd, 863496.801, 95
Trd, 863497.384, 104
Trd, 863497.818, 91
Trd, 863498.318, 105
Trd, 863499.084, 105
Trd, 863499.234, 106
Trd, 863499.268, 99
Trd, 863499.501, 109
Trd, 863500.534, 93
Trd, 863501.401, 111
Trd, 863501.551, 117
Trd, 863502.118, 103
Trd, 863502.451, 109
Trd, 863502.468, 102
Trd, 863502.551, 100
Trd, 863503.218, 110
Trd, 863503.234, 92
Trd, 863503.401, 111
Trd, 863503.534, 91
Trd, 863504.051, 105
Trd, 863504.301, 90
Trd, 863504.501, 106
Trd, 863504.651, 107
Trd, 863505.401, 106
Trd, 863506.368, 96
Trd, 863506.451, 95
Trd, 863507.951, 97
Trd, 863508.484, 99
Trd, 863508.534, 101
Trd, 863508.718, 102
Trd, 863509.084, 98
Trd, 863509.534, 95
Trd, 863509.618, 103
Trd, 863509.868, 95
Trd, 863511.201, 95
Trd, 863511.468, 102
Trd, 863512.918, 96
Trd, 863512.968, 110
Trd, 863513.451, 97
Trd, 863513.601, 94
Trd, 863513.634, 104
Trd, 863513.968, 104
Trd, 863514.968, 110
Trd, 863515.351, 105
Trd, 863515.901, 100
Trd, 863517.068, 109
Trd, 863517.568, 110
Trd, 863517.701, 95
Trd, 863517.818, 90
Trd, 863518.151, 118
Trd, 863518.384, 122
Trd, 863518.518, 90
Trd, 863518.634, 104
Trd, 863519.018, 96
Trd, 863519.351, 80
Trd, 863519.968, 98
Trd, 863520.451, 98
Trd, 863520.768, 104
Trd, 863520.818, 89
Trd, 863520.951, 96
Trd, 863520.984, 114
Trd, 863521.134, 97
Trd, 863521.401, 91
Trd, 863522.768, 96
Trd, 863523.084, 100
Trd, 863523.534, 94
Trd, 863523.901, 95
Trd, 863524.168, 92
Trd, 863524.651, 95
Trd, 863524.718, 90
Trd, 863525.151, 105
Trd, 863525.268, 114
Trd, 863525.534, 115
Trd, 863526.168, 110
Trd, 863526.451, 106
Trd, 863526.518, 98
Trd, 863526.868, 96
Trd, 863526.884, 95
Trd, 863529.051, 104
Trd, 863529.068, 103
Trd, 863529.968, 102
Trd, 863530.568, 95
Trd, 863531.434, 98
Trd, 863531.501, 99
Trd, 863531.551, 100
Trd, 863531.851, 101
Trd, 863532.884, 101
Trd, 863533.051, 104
Trd, 863533.401, 104
Trd, 863533.918, 97
Trd, 863534.218, 98
Trd, 863534.318, 93
Trd, 863534.384, 98
Trd, 863534.918, 98
Trd, 863535.101, 96
Trd, 863535.318, 95
Trd, 863535.434, 104
Trd, 863535.451, 79
Trd, 863535.468, 112
Trd, 863536.251, 99
Trd, 863538.318, 101
Trd, 863538.351, 98
Trd, 863539.218, 104
Trd, 863539.601, 117
Trd, 863539.751, 124
Trd, 863539.818, 95
Trd, 863540.218, 105
Trd, 863540.351, 99
Trd, 863540.851, 96
Trd, 863541.418, 116
Trd, 863541.618, 109
Trd, 863542.251, 96
Trd, 863542.634, 95
Trd, 863543.434, 105
Trd, 863543.468, 108
Trd, 863543.618, 101
Trd, 863543.684, 96
Trd, 863545.051, 117
Trd, 863545.551, 113
Trd, 863546.318, 106
Trd, 863547.184, 110
Trd, 863547.901, 102
Trd, 863548.018, 96
Trd, 863548.201, 110
Trd, 863548.784, 101
Trd, 863549.068, 128
Trd, 863549.101, 124
Trd, 863549.434, 128
Trd, 863550.701, 96
Trd, 863550.968, 95
Trd, 863551.518, 97
Trd, 863551.918, 97
Trd, 863551.984, 98
Trd, 863552.218, 101
Trd, 863552.568, 110
Trd, 863553.034, 96
Trd, 863553.184, 90
Trd, 863553.201, 108
Trd, 863553.751, 94
Trd, 863554.068, 93
Trd, 863554.534, 94
Trd, 863555.734, 99
Trd, 863555.751, 100
Trd, 863555.784, 102
Trd, 863555.851, 94
Trd, 863556.151, 104
Trd, 863556.384, 105
Trd, 863556.601, 98
Trd, 863557.068, 106
Trd, 863557.218, 109
Trd, 863557.834, 105
Trd, 863558.434, 101
Trd, 863558.601, 103
Trd, 863558.834, 93
Trd, 863559.334, 93
Trd, 863559.384, 113
Trd, 863559.584, 127
Trd, 863559.901, 108
Trd, 863560.368, 104
Trd, 863560.434, 102
Trd, 863560.784, 109
Trd, 863560.901, 112
Trd, 863561.068, 93
Trd, 863561.201, 88
Trd, 863561.301, 103
Trd, 863562.351, 104
Trd, 863562.468, 84
Trd, 863563.018, 103
Trd, 863564.101, 106
Trd, 863566.084, 99
Trd, 863566.734, 101
Trd, 863566.951, 91
Trd, 863567.118, 100
Trd, 863567.234, 107
Trd, 863568.051, 102
Trd, 863568.184, 104
Trd, 863568.268, 95
Trd, 863568.418, 107
Trd, 863568.518, 108
Trd, 863568.751, 95
Trd, 863568.768, 114
Trd, 863569.368, 120
Trd, 863569.401, 100
Trd, 863569.951, 94
Trd, 863570.134, 103
Trd, 863570.551, 105
Trd, 863570.784, 103
Trd, 863571.534, 108
Trd, 863572.534, 106
Trd, 863572.768, 105
Trd, 863572.884, 103
Trd, 863573.634, 104
Trd, 863574.184, 103
Trd, 863574.851, 106
Trd, 863575.651, 118
Trd, 863575.668, 105
Trd, 863575.934, 108
Trd, 863576.068, 103
Trd, 863576.784, 110
Trd, 863577.034, 106
Trd, 863577.184, 100
Trd, 863577.284, 111
Trd, 863577.384, 99
Trd, 863578.201, 97
Trd, 863578.401, 94
Trd, 863578.951, 104
Trd, 863579.751, 95
Trd, 863580.068, 89
Trd, 863580.234, 96
Trd, 863580.384, 97
Trd, 863580.534, 100
Trd, 863580.718, 103
Trd, 863580.851, 100
Trd, 863581.584, 104
Trd, 863581.734, 109
Trd, 863582.284, 96
Trd, 863582.751, 114
Trd, 863583.501, 95
Trd, 863584.084, 117
Trd, 863585.101, 111
Trd, 863585.134, 112
Trd, 863585.168, 94
Trd, 863585.418, 109
Trd, 863585.601, 105
Trd, 863586.134, 108
Trd, 863586.318, 96
Trd, 863586.751, 90
Trd, 863587.334, 101
Trd, 863587.368, 114
Trd, 863588.401, 98
Trd, 863588.818, 99
Trd, 863588.851, 114
Trd, 863588.884, 98
Trd, 863589.551, 98
Trd, 863589.601, 96
Trd, 863589.684, 93
Trd, 863589.801, 114
Trd, 863590.268, 118
Trd, 863590.401, 98
Trd, 863590.751, 95
Trd, 863592.601, 97
Trd, 863593.018, 102
Trd, 863593.134, 103
Trd, 863593.318, 104
Trd, 863593.618, 111
Trd, 863594.134, 108
Trd, 863594.318, 104
Trd, 863595.718, 110
Trd, 863596.034, 113
Trd, 863596.401, 108
Trd, 863596.451, 97
Trd, 863597.318, 96
Trd, 863597.518, 94
Trd, 863597.551, 98
Trd, 863597.651, 93
Trd, 863597.734, 99
Trd, 863598.501, 112
Trd, 863598.701, 93
Trd, 863598.984, 114
Trd, 863599.368, 90
Trd, 863599.901, 95
Trd, 863599.951, 111
Trd, 863600.201, 94
Trd, 863600.718, 110
Trd, 863601.218, 106
Trd, 863602.068, 102
Trd, 863602.368, 104
Trd, 863602.501, 96
Trd, 863602.618, 107
Trd, 863602.968, 107
Trd, 863603.268, 97
Trd, 863603.934, 105
Trd, 863604.101, 106
Trd, 863604.484, 108
Trd, 863604.718, 110
Trd, 863606.384, 110
Trd, 863606.501, 101
Trd, 863606.634, 100
Trd, 863607.401, 95
Trd, 863607.868, 96
Trd, 863607.968, 104
Trd, 863608.101, 98
Trd, 863608.218, 93
Trd, 863609.118, 102
Trd, 863609.601, 95
Trd, 863610.268, 105
Trd, 863610.701, 101
Trd, 863610.734, 107
Trd, 863610.784, 112
Trd, 863610.818, 90
Trd, 863611.268, 113
Trd, 863611.868, 107
Trd, 863611.901, 115
Trd, 863611.968, 121
Trd, 863613.318, 103
Trd, 863613.984, 96
Trd, 863614.101, 95
Trd, 863615.201, 125
Trd, 863615.768, 107
Trd, 863616.218, 117
Trd, 863616.634, 95
Trd, 863617.818, 95
Trd, 863618.434, 103
Trd, 863618.968, 94
Trd, 863619.234, 123
Trd, 863619.984, 89
Trd, 863620.184, 99
Trd, 863620.668, 102
Trd, 863621.118, 99
Trd, 863621.284, 112
Trd, 863621.501, 101
Trd, 863621.668, 116
Trd, 863621.901, 117
Trd, 863622.134, 97
Trd, 863622.218, 99
Trd, 863622.818, 106
Trd, 863622.934, 127
Trd, 863622.968, 119
Trd, 863624.101, 103
Trd, 863624.218, 114
Trd, 863624.334, 95
Trd, 863624.851, 98
Trd, 863625.451, 98
Trd, 863625.968, 105
Trd, 863626.101, 89
Trd, 863626.751, 101
Trd, 863626.918, 104
Trd, 863627.134, 92
Trd, 863627.418, 101
Trd, 863627.684, 105
Trd, 863628.034, 100
Trd, 863628.768, 94
Trd, 863628.984, 95
Trd, 863629.768, 97
Trd, 863630.968, 107
Trd, 863631.318, 105
Trd, 863631.484, 113
Trd, 863631.534, 109
Trd, 863631.718, 106
Trd, 863631.784, 117
Trd, 863631.884, 105
Trd, 863632.268, 104
Trd, 863632.801, 99
Trd, 863633.284, 97
Trd, 863633.734, 102
Trd, 863633.768, 103
Trd, 863634.151, 98
Trd, 863634.734, 121
Trd, 863634.834, 117
Trd, 863635.451, 110
Trd, 863635.668, 93
Trd, 863635.884, 93
Trd, 863635.968, 120
Trd, 863636.784, 110
Trd, 863637.151, 106
Trd, 863638.051, 96
Trd, 863638.101, 110
Trd, 863638.434, 109
Trd, 863639.101, 103
Trd, 863639.884, 95
Trd, 863640.084, 109
Trd, 863641.201, 111
Trd, 863641.668, 106
Trd, 863641.918, 102
Trd, 863641.984, 105
Trd, 863642.118, 109
Trd, 863642.218, 110
Trd, 863642.351, 102
Trd, 863642.618, 95
Trd, 863642.934, 109
Trd, 863643.034, 95
Trd, 863643.451, 110
Trd, 863643.868, 92
Trd, 863644.401, 97
Trd, 863646.201, 107
Trd, 863646.951, 111
Trd, 863646.984, 107
Trd, 863647.068, 107
Trd, 863647.884, 106
Trd, 863648.134, 111
Trd, 863648.434, 110
Trd, 863649.301, 92
Trd, 863649.484, 104
Trd, 863649.518, 104
Trd, 863649.551, 100
Trd, 863649.601, 90
Trd, 863649.984, 97
Trd, 863650.201, 104
Trd, 863650.468, 99
Trd, 863651.618, 109
Trd, 863652.334, 105
Trd, 863653.451, 106
Trd, 863653.784, 110
Trd, 863653.851, 103
Trd, 863654.051, 111
Trd, 863654.068, 99
Trd, 863654.218, 128
Trd, 863654.301, 95
Trd, 863654.934, 117
Trd, 863655.284, 110
Trd, 863655.768, 117
Trd, 863656.184, 112
Trd, 863657.234, 114
Trd, 863657.434, 115
Trd, 863657.668, 105
Trd, 863657.734, 103
Trd, 863657.751, 117
Trd, 863658.651, 93
Trd, 863659.334, 99
Trd, 863659.468, 100
Trd, 863659.484, 95
Trd, 863659.701, 101
Trd, 863660.018, 104
Trd, 863660.968, 108
Trd, 863661.334, 97
Trd, 863661.634, 112
Trd, 863661.768, 102
Trd, 863662.068, 109
Trd, 863663.468, 101
Trd, 863664.534, 104
Trd, 863664.584, 104
Trd, 863665.001, 98
Trd, 863665.584, 98
Trd, 863665.851, 96
Trd, 863666.334, 99
Trd, 863666.884, 95
Trd, 863666.901, 104
Trd, 863667.301, 104
Trd, 863667.384, 100
Trd, 863667.768, 99
Trd, 863668.184, 113
Trd, 863668.334, 95
Trd, 863669.251, 104
Trd, 863669.384, 119
Trd, 863669.634, 103
Trd, 863670.168, 110
Trd, 863670.468, 98
Trd, 863671.401, 106
Trd, 863671.418, 106
Trd, 863672.001, 105
Trd, 863672.384, 104
Trd, 863672.501, 111
Trd, 863672.634, 106
Trd, 863672.718, 97
Trd, 863672.951, 111
Trd, 863673.218, 128
Trd, 863674.584, 111
Trd, 863674.801, 101
Trd, 863675.351, 98
Trd, 863676.951, 96
Trd, 863677.068, 102
Trd, 863677.184, 95
Trd, 863677.251, 93
Trd, 863678.101, 99
Trd, 863678.334, 103
Trd, 863678.468, 95
Trd, 863678.551, 90
Trd, 863678.784, 83
Trd, 863679.901, 86
Trd, 863681.318, 97
Trd, 863681.784, 89
Trd, 863682.184, 103
Trd, 863682.268, 104
Trd, 863682.351, 101
Trd, 863682.584, 104
Trd, 863682.751, 94
Trd, 863683.034, 103
Trd, 863684.268, 94
Trd, 863684.634, 92
Trd, 863684.984, 101
Trd, 863685.784, 99
Trd, 863686.268, 98
Trd, 863687.218, 107
Trd, 863687.284, 106
Trd, 863687.668, 105
Trd, 863688.534, 103
Trd, 863688.584, 98
Trd, 863689.084, 99
Trd, 863690.801, 109
Trd, 863691.234, 105
Trd, 863691.484, 110
Trd, 863691.601, 101
Trd, 863691.734, 100
Trd, 863691.901, 116
Trd, 863692.184, 99
Trd, 863693.384, 106
Trd, 863693.618, 98
Trd, 863694.001, 111
Trd, 863694.018, 97
Trd, 863694.384, 110
Trd, 863694.918, 114
Trd, 863695.118, 97
Trd, 863695.184, 116
Trd, 863695.268, 86
Trd, 863695.534, 109
Trd, 863696.801, 108
Trd, 863697.051, 92
Trd, 863697.418, 90
Trd, 863697.618, 107
Trd, 863697.651, 78
Trd, 863698.101, 109
Trd, 863698.451, 111
Trd, 863698.868, 95
Trd, 863699.184, 105
Trd, 863700.134, 102
Trd, 863700.384, 99
Trd, 863700.551, 98
Trd, 863701.951, 105
Trd, 863702.051, 101
Trd, 863702.534, 98
Trd, 863702.634, 104
Trd, 863702.718, 95
Trd, 863702.901, 95
Trd, 863703.468, 106
Trd, 863703.668, 111
Trd, 863703.901, 94
Trd, 863704.001, 112
Trd, 863704.434, 92
Trd, 863704.468, 92
Trd, 863704.568, 103
Trd, 863705.018, 106
Trd, 863705.101, 107
Trd, 863705.884, 105
Trd, 863705.918, 82
Trd, 863705.934, 110
Trd, 863707.201, 100
Trd, 863707.334, 104
Trd, 863708.101, 98
Trd, 863708.118, 108
Trd, 863708.768, 106
Trd, 863708.868, 100
Trd, 863709.134, 96
Trd, 863709.818, 101
Trd, 863709.951, 102
Trd, 863710.368, 114
Trd, 863710.668, 109
Trd, 863711.584, 105
Trd, 863711.701, 118
Trd, 863712.584, 108
Trd, 863713.168, 106
Trd, 863713.384, 112
Trd, 863713.418, 114
Trd, 863713.601, 116
Trd, 863713.618, 104
Trd, 863714.068, 117
Trd, 863714.251, 95
Trd, 863715.168, 92
Trd, 863715.751, 90
Trd, 863716.501, 110
Trd, 863717.001, 110
Trd, 863717.118, 106
Trd, 863717.251, 111
Trd, 863717.984, 112
Trd, 863718.234, 97
Trd, 863718.934, 99
Trd, 863719.418, 101
Trd, 863719.618, 95
Trd, 863719.751, 95
Trd, 863719.968, 107
Trd, 863720.468, 104
Trd, 863720.684, 102
Trd, 863722.151, 108
Trd, 863722.168, 109
Trd, 863722.484, 111
Trd, 863723.118, 98
Trd, 863723.251, 110
Trd, 863723.968, 100
Trd, 863723.984, 97
Trd, 863724.301, 95
Trd, 863724.601, 93
Trd, 863724.851, 97
Trd, 863725.634, 114
Trd, 863725.718, 109
Trd, 863725.784, 106
Trd, 863727.434, 114
Trd, 863727.534, 113
Trd, 863727.818, 116
Trd, 863727.934, 98
Trd, 863727.968, 116
Trd, 863728.184, 95
Trd, 863728.884, 103
Trd, 863729.168, 107
Trd, 863729.218, 106
Trd, 863729.568, 109
Trd, 863729.868, 116
Trd, 863730.234, 100
Trd, 863731.718, 91
Trd, 863732.534, 96
Trd, 863732.734, 94
Trd, 863732.868, 92
Trd, 863733.284, 94
Trd, 863733.718, 97
Trd, 863733.984, 98
Trd, 863734.184, 104
Trd, 863734.334, 109
Trd, 863734.484, 91
Trd, 863734.951, 112
Trd, 863735.001, 113
Trd, 863735.118, 90
Trd, 863735.201, 77
Trd, 863735.301, 115
Trd, 863735.784, 80
Trd, 863736.284, 98
Trd, 863736.318, 99
Trd, 863736.884, 88
Trd, 863737.551, 89
Trd, 863738.751, 99
Trd, 863739.384, 98
Trd, 863739.568, 107
Trd, 863739.584, 98
Trd, 863739.651, 114
Trd, 863740.634, 102
Trd, 863740.768, 102
Trd, 863741.284, 101
Trd, 863741.368, 108
Trd, 863741.518, 100
Trd, 863742.034, 95
Trd, 863743.618, 109
Trd, 863743.751, 106
Trd, 863744.068, 92
Trd, 863744.084, 89
Trd, 863744.268, 110
Trd, 863744.518, 123
Trd, 863744.534, 125
Trd, 863744.751, 104
Trd, 863745.001, 117
Trd, 863745.601, 101
Trd, 863746.168, 122
Trd, 863746.201, 116
Trd, 863746.634, 91
Trd, 863747.184, 106
Trd, 863747.334, 102
Trd, 863747.634, 117
Trd, 863747.884, 93
Trd, 863748.551, 90
Trd, 863748.634, 101
Trd, 863749.418, 101
Trd, 863749.651, 102
Trd, 863750.268, 100
Trd, 863750.318, 104
Trd, 863750.551, 98
Trd, 863751.084, 93
Trd, 863751.501, 108
Trd, 863751.651, 96
Trd, 863752.001, 109
Trd, 863752.518, 103
Trd, 863752.984, 101
Trd, 863753.001, 99
Trd, 863753.168, 97
Trd, 863753.184, 126
Trd, 863753.701, 95
Trd, 863754.368, 112
Trd, 863754.801, 100
Trd, 863755.318, 101
Trd, 863755.751, 97
Trd, 863756.868, 101
Trd, 863757.101, 101
Trd, 863757.901, 103
Trd, 863758.118, 104
Trd, 863758.218, 107
Trd, 863758.318, 114
Trd, 863758.651, 102
Trd, 863758.784, 108
Trd, 863758.884, 103
Trd, 863759.618, 108
Trd, 863760.018, 100
Trd, 863760.418, 98
Trd, 863760.551, 99
Trd, 863761.468, 94
Trd, 863761.734, 93
Trd, 863762.201, 100
Trd, 863762.384, 95
Trd, 863762.651, 100
Trd, 863762.701, 105
Trd, 863763.568, 112
Trd, 863764.234, 116
Trd, 863764.251, 120
Trd, 863764.601, 107
Trd, 863765.918, 106
Trd, 863765.968, 104
Trd, 863766.368, 100
Trd, 863766.634, 96
Trd, 863767.901, 95
Trd, 863768.001, 100
Trd, 863768.451, 95
Trd, 863768.468, 101
Trd, 863768.768, 98
Trd, 863769.251, 103
Trd, 863769.534, 102
Trd, 863769.668, 104
Trd, 863769.684, 110
Trd, 863769.851, 112
Trd, 863770.268, 102
Trd, 863771.051, 107
Trd, 863771.484, 108
Trd, 863771.568, 118
Trd, 863772.168, 106
Trd, 863772.251, 92
Trd, 863772.701, 80
Trd, 863772.734, 76
Trd, 863773.951, 109
Trd, 863774.984, 108
Trd, 863775.001, 105
Trd, 863775.134, 114
Trd, 863775.518, 109
Trd, 863775.818, 106
Trd, 863775.984, 102
Trd, 863776.184, 107
Trd, 863776.318, 99
Trd, 863776.418, 91
Trd, 863776.651, 89
Trd, 863776.901, 97
Trd, 863777.201, 128
Trd, 863777.401, 118
Trd, 863778.251, 102
Trd, 863779.151, 120
Trd, 863779.451, 107
Trd, 863779.551, 106
Trd, 863779.884, 101
Trd, 863780.018, 118
Trd, 863780.151, 109
Trd, 863780.234, 118
Trd, 863781.334, 105
Trd, 863781.434, 112
Trd, 863782.284, 103
Trd, 863782.301, 102
Trd, 863782.701, 106
Trd, 863783.051, 95
Trd, 863783.218, 91
Trd, 863783.651, 97
Trd, 863783.801, 97
Trd, 863785.051, 94
Trd, 863785.368, 108
Trd, 863785.384, 90
Trd, 863786.518, 103
Trd, 863787.301, 107
Trd, 863787.718, 106
Trd, 863787.934, 98
Trd, 863788.184, 100
Trd, 863788.501, 99
Trd, 863789.018, 106
Trd, 863789.368, 107
Trd, 863790.368, 113
Trd, 863790.668, 108
Trd, 863790.701, 104
Trd, 863790.901, 96
Trd, 863791.818, 114
Trd, 863792.001, 115
Trd, 863792.284, 112
Trd, 863792.451, 101
Trd, 863792.484, 95
Trd, 863792.984, 100
Trd, 863793.168, 93
Trd, 863793.184, 102
Trd, 863793.584, 89
Trd, 863794.934, 97
Trd, 863795.001, 110
Trd, 863795.051, 93
Trd, 863795.684, 101
Trd, 863796.284, 93
Trd, 863796.518, 99
Trd, 863796.818, 110
Trd, 863797.301, 90
Trd, 863797.318, 100
Trd, 863797.418, 108
Trd, 863797.851, 87
Trd, 863797.868, 104
Trd, 863798.468, 106
Trd, 863798.701, 86
Trd, 863799.201, 108
Trd, 863799.301, 109
Trd, 863799.968, 78
Trd, 863801.551, 103
Trd, 863801.801, 100
Trd, 863802.101, 105
Trd, 863802.284, 106
Trd, 863803.218, 106
Trd, 863804.184, 101
Trd, 863804.368, 97
Trd, 863804.451, 102
Trd, 863804.834, 95
Trd, 863805.301, 107
Trd, 863805.901, 108
Trd, 863806.518, 101
Trd, 863806.701, 109
Trd, 863807.601, 109
Trd, 863808.284, 107
Trd, 863808.351, 106
Trd, 863808.451, 114
Trd, 863808.568, 104
Trd, 863808.668, 114
Trd, 863809.118, 100
Trd, 863809.151, 105
Trd, 863809.484, 111
Trd, 863809.651, 108
Trd, 863810.218, 111
Trd, 863811.234, 106
Trd, 863811.951, 99
Trd, 863812.034, 95
Trd, 863812.534, 100
Trd, 863813.001, 90
Trd, 863813.318, 79
Trd, 863813.768, 92
Trd, 863813.984, 100
Trd, 863814.384, 106
Trd, 863815.068, 107
Trd, 863815.701, 106
Trd, 863816.018, 101
Trd, 863816.518, 109
Trd, 863816.634, 104
Trd, 863817.118, 103
Trd, 863817.168, 108
Trd, 863818.351, 100
Trd, 863818.801, 94
Trd, 863819.284, 99
Trd, 863819.884, 99
Trd, 863820.151, 97
Trd, 863820.201, 101
Trd, 863820.851, 106
Trd, 863821.018, 107
Trd, 863821.134, 112
Trd, 863822.668, 112
Trd, 863823.118, 105
Trd, 863823.268, 111
Trd, 863823.684, 104
Trd, 863824.001, 103
Trd, 863824.818, 95
Trd, 863825.068, 98
Trd, 863826.018, 101
Trd, 863826.384, 100
Trd, 863826.401, 98
Trd, 863826.468, 107
Trd, 863826.634, 101
Trd, 863826.884, 98
Trd, 863827.434, 95
Trd, 863828.301, 96
Trd, 863828.518, 110
Trd, 863828.668, 95
Trd, 863829.484, 110
Trd, 863829.818, 95
Trd, 863830.801, 109
Trd, 863831.184, 117
Trd, 863831.368, 118
Trd, 863831.668, 107
Trd, 863831.801, 104
Trd, 863832.101, 97
Trd, 863832.918, 95
Trd, 863832.968, 106
Trd, 863833.318, 109
Trd, 863833.751, 100
Trd, 863834.268, 101
Trd, 863834.501, 103
Trd, 863834.634, 100
Trd, 863835.118, 102
Trd, 863835.151, 104
Trd, 863836.651, 99
Trd, 863836.718, 103
Trd, 863837.101, 106
Trd, 863837.234, 115
Trd, 863838.334, 114
Trd, 863838.651, 108
Trd, 863838.868, 103
Trd, 863839.184, 102
Trd, 863839.318, 111
Trd, 863839.718, 99
Trd, 863839.968, 96
Trd, 863840.201, 97
Trd, 863840.218, 101
Trd, 863841.251, 96
Trd, 863841.534, 96
Trd, 863842.134, 98
Trd, 863842.184, 104
Trd, 863842.384, 95
Trd, 863842.634, 85
Trd, 863842.951, 101
Trd, 863843.151, 81
Trd, 863844.951, 95
Trd, 863845.201, 100
Trd, 863845.251, 101
Trd, 863845.518, 104
Trd, 863846.318, 112
Trd, 863846.451, 110
Trd, 863846.468, 106
Trd, 863846.568, 91
Trd, 863847.251, 106
Trd, 863848.984, 111
Trd, 863849.018, 112
Trd, 863849.484, 99
Trd, 863849.901, 98
Trd, 863850.701, 97
Trd, 863850.951, 104
Trd, 863851.884, 112
Trd, 863852.134, 114
Trd, 863852.168, 110
Trd, 863852.418, 105
Trd, 863853.034, 93
Trd, 863853.184, 99
Trd, 863853.518, 108
Trd, 863853.901, 95
Trd, 863853.984, 110
Trd, 863854.751, 115
Trd, 863855.184, 112
Trd, 863855.401, 109
Trd, 863855.484, 106
Trd, 863856.151, 105
Trd, 863856.434, 96
Trd, 863857.018, 115
Trd, 863857.151, 106
Trd, 863858.768, 115
Trd, 863859.284, 107
Trd, 863859.468, 111
Trd, 863859.884, 103
Trd, 863860.001, 95
Trd, 863860.551, 93
Trd, 863860.601, 102
Trd, 863860.784, 103
Trd, 863861.218, 104
Trd, 863861.318, 104
Trd, 863862.401, 92
Trd, 863863.884, 101
Trd, 863864.018, 101
Trd, 863864.834, 103
Trd, 863865.351, 97
Trd, 863866.151, 95
Trd, 863867.134, 91
Trd, 863867.351, 90
Trd, 863867.918, 97
Trd, 863868.351, 97
Trd, 863868.884, 95
Trd, 863869.134, 97
Trd, 863869.151, 110
Trd, 863869.701, 110
Trd, 863869.801, 112
Trd, 863870.068, 101
Trd, 863870.451, 94
Trd, 863871.618, 112
Trd, 863871.918, 106
Trd, 863872.018, 104
Trd, 863872.368, 100
Trd, 863872.568, 117
Trd, 863872.651, 99
Trd, 863872.984, 107
Trd, 863873.068, 90
Trd, 863874.051, 105
Trd, 863874.751, 109
Trd, 863874.851, 99
Trd, 863875.434, 107
Trd, 863875.784, 106
Trd, 863876.251, 107
Trd, 863876.351, 110
Trd, 863877.718, 101
Trd, 863878.468, 96
Trd, 863878.884, 96
Trd, 863879.151, 95
Trd, 863879.418, 99
Trd, 863879.584, 102
Trd, 863879.684, 88
Trd, 863879.701, 104
Trd, 863880.168, 106
Trd, 863880.268, 87
Trd, 863880.351, 101
Trd, 863880.368, 107
Trd, 863881.451, 105
Trd, 863881.651, 82
Trd, 863881.751, 88
Trd, 863882.284, 98
Trd, 863883.051, 95
Trd, 863884.034, 104
Trd, 863884.201, 108
Trd, 863884.368, 103
Trd, 863884.851, 108
Trd, 863885.751, 99
Trd, 863885.784, 112
Trd, 863886.168, 111
Trd, 863886.734, 103
Trd, 863888.784, 107
Trd, 863889.018, 106
Trd, 863889.534, 106
Trd, 863889.568, 107
Trd, 863889.668, 103
Trd, 863890.051, 101
Trd, 863890.384, 107
Trd, 863890.484, 107
Trd, 863890.801, 106
Trd, 863891.551, 109
Trd, 863892.151, 96
Trd, 863892.284, 94
Trd, 863892.401, 109
Trd, 863892.568, 111
Trd, 863892.951, 108
Trd, 863893.134, 96
Trd, 863893.834, 99
Trd, 863894.184, 113
Trd, 863894.634, 111
Trd, 863895.101, 114
Trd, 863895.651, 109
Trd, 863895.868, 111
Trd, 863896.618, 120
Trd, 863897.251, 111
Trd, 863897.568, 115
Trd, 863897.751, 108
Trd, 863898.568, 106
Trd, 863898.601, 110
Trd, 863898.784, 95
Trd, 863899.134, 94
Trd, 863899.201, 104
Trd, 863900.051, 92
Trd, 863900.134, 104
Trd, 863900.518, 106
Trd, 863901.368, 98
Trd, 863901.634, 95
Trd, 863902.318, 96
Trd, 863902.968, 97
Trd, 863903.251, 98
Trd, 863903.334, 101
Trd, 863903.768, 100
Trd, 863904.034, 79
Trd, 863904.068, 94
Trd, 863904.601, 90
Trd, 863904.968, 102
Trd, 863905.101, 103
Trd, 863905.934, 93
Trd, 863906.284, 95
Trd, 863906.301, 101
Trd, 863907.801, 108
Trd, 863908.884, 105
Trd, 863909.034, 106
Trd, 863909.468, 107
Trd, 863909.518, 112
Trd, 863909.601, 104
Trd, 863909.618, 98
Trd, 863909.684, 95
Trd, 863909.901, 114
Trd, 863910.134, 98
Trd, 863910.918, 104
Trd, 863911.201, 95
Trd, 863911.568, 109
Trd, 863911.968, 106
Trd, 863912.034, 90
Trd, 863912.468, 93
Trd, 863912.801, 121
Trd, 863914.018, 106
Trd, 863914.051, 107
Trd, 863914.101, 94
Trd, 863914.484, 109
Trd, 863914.784, 105
Trd, 863915.768, 110
Trd, 863915.884, 115
Trd, 863916.068, 121
Trd, 863916.118, 122
Trd, 863916.401, 101
Trd, 863916.534, 98
Trd, 863916.968, 119
Trd, 863917.934, 109
Trd, 863918.034, 106
Trd, 863918.101, 127
Trd, 863920.251, 112
Trd, 863920.434, 113
Trd, 863920.501, 116
Trd, 863920.601, 108
Trd, 863920.701, 117
Trd, 863921.084, 106
Trd, 863921.934, 103
Trd, 863922.268, 106
Trd, 863922.434, 98
Trd, 863923.218, 99
Trd, 863923.284, 100
Trd, 863923.634, 93
Trd, 863924.734, 106
Trd, 863925.101, 106
Trd, 863925.734, 100
Trd, 863925.818, 98
Trd, 863926.234, 108
Trd, 863926.534, 104
Trd, 863926.601, 117
Trd, 863926.684, 98
Trd, 863927.434, 97
Trd, 863928.068, 114
Trd, 863928.284, 118
Trd, 863928.568, 109
Trd, 863929.418, 105
Trd, 863931.034, 113
Trd, 863931.334, 109
Trd, 863932.034, 106
Trd, 863932.151, 106
Trd, 863932.334, 111
Trd, 863932.418, 102
Trd, 863932.518, 95
Trd, 863932.851, 92
Trd, 863933.301, 98
Trd, 863934.684, 103
Trd, 863934.884, 101
Trd, 863935.518, 109
Trd, 863936.534, 99
Trd, 863936.818, 102
Trd, 863937.034, 111
Trd, 863938.168, 101
Trd, 863938.418, 109
Trd, 863938.534, 117
Trd, 863938.801, 96
Trd, 863939.218, 101
Trd, 863939.301, 112
Trd, 863939.701, 94
Trd, 863939.901, 102
Trd, 863940.368, 95
Trd, 863940.451, 96
Trd, 863940.884, 93
Trd, 863941.068, 98
Trd, 863941.151, 89
Trd, 863941.251, 83
Trd, 863941.834, 101
Trd, 863942.268, 85
Trd, 863942.884, 87
Trd, 863943.434, 120
Trd, 863943.501, 126
Trd, 863944.918, 106
Trd, 863945.084, 116
Trd, 863945.534, 105
Trd, 863947.051, 106
Trd, 863947.301, 107
Trd, 863948.018, 107
Trd, 863948.251, 104
Trd, 863948.434, 109
Trd, 863948.501, 101
Trd, 863948.584, 100
Trd, 863949.351, 99
Trd, 863949.551, 97
Trd, 863949.834, 102
Trd, 863950.068, 104
Trd, 863950.268, 117
Trd, 863950.968, 96
Trd, 863951.701, 121
Trd, 863951.801, 94
Trd, 863951.968, 107
Trd, 863952.151, 106
Trd, 863952.301, 109
Trd, 863952.334, 104
Trd, 863952.534, 110
Trd, 863953.134, 103
Trd, 863953.451, 101
Trd, 863953.501, 95
Trd, 863953.818, 89
Trd, 863954.018, 85
Trd, 863954.368, 100
Trd, 863954.884, 93
Trd, 863955.234, 92
Trd, 863955.334, 95
Trd, 863956.034, 112
Trd, 863956.068, 101
Trd, 863956.184, 107
Trd, 863957.151, 114
Trd, 863958.418, 106
Trd, 863958.818, 104
Trd, 863958.901, 101
Trd, 863959.318, 102
Trd, 863959.434, 99
Trd, 863959.934, 112
Trd, 863961.068, 113
Trd, 863961.268, 111
Trd, 863961.484, 115
Trd, 863962.218, 117
Trd, 863962.718, 109
Trd, 863963.018, 106
Trd, 863963.918, 118
Trd, 863964.301, 94
Trd, 863964.634, 97
Trd, 863964.834, 97
Trd, 863964.918, 98
Trd, 863965.068, 96
Trd, 863965.368, 93
Trd, 863965.534, 101
Trd, 863965.901, 112
Trd, 863966.218, 108
Trd, 863966.468, 105
Trd, 863967.601, 104
Trd, 863967.818, 104
Trd, 863969.734, 107
Trd, 863969.901, 106
Trd, 863970.151, 104
Trd, 863970.434, 105
Trd, 863970.584, 100
Trd, 863971.268, 104
Trd, 863971.501, 98
Trd, 863971.534, 97
Trd, 863972.101, 108
Trd, 863972.151, 103
Trd, 863972.951, 112
Trd, 863973.351, 118
Trd, 863973.418, 105
Trd, 863973.868, 99
Trd, 863974.084, 94
Trd, 863974.234, 106
Trd, 863974.618, 94
Trd, 863975.601, 93
Trd, 863975.668, 90
Trd, 863975.734, 97
Trd, 863975.984, 105
Trd, 863976.151, 99
Trd, 863976.568, 104
Trd, 863976.784, 92
Trd, 863977.568, 97
Trd, 863978.068, 91
Trd, 863978.201, 90
Trd, 863979.234, 83
Trd, 863979.851, 92
Trd, 863979.868, 91
Trd, 863979.901, 93
Trd, 863979.968, 104
Trd, 863981.334, 92
Trd, 863981.601, 97
Trd, 863981.634, 98
Trd, 863981.751, 94
Trd, 863981.784, 104
Trd, 863982.251, 104
Trd, 863982.751, 105
Trd, 863982.784, 101
Trd, 863983.751, 96
Trd, 863984.134, 104
Trd, 863984.284, 101
Trd, 863984.518, 108
Trd, 863985.551, 121
Trd, 863986.118, 108
Trd, 863987.084, 113
Trd, 863987.101, 112
Trd, 863987.184, 110
Trd, 863987.218, 102
Trd, 863987.268, 114
Trd, 863987.984, 111
Trd, 863988.834, 113
Trd, 863988.884, 114
Trd, 863988.968, 110
Trd, 863989.218, 122
Trd, 863989.418, 126
Trd, 863989.501, 106
Trd, 863990.068, 104
Trd, 863990.551, 104
Trd, 863991.684, 102
Trd, 863991.701, 104
Trd, 863992.034, 110
Trd, 863993.284, 106
Trd, 863993.384, 115
Trd, 863993.501, 103
Trd, 863993.918, 102
Trd, 863994.568, 109
Trd, 863994.668, 113
Trd, 863995.134, 104
Trd, 863995.834, 104
Trd, 863996.984, 105
Trd, 863997.101, 103
Trd, 863998.634, 98
Trd, 863998.818, 97
Trd, 863999.134, 98
Trd, 863999.384, 95
Trd, 863999.551, 99
Trd, 863999.918, 90
Trd, 863999.984, 106
