Trd, 863331.934, 102
Trd, 863332.018, 103
Trd, 863332.068, 100
Trd, 863332.201, 98
Trd, 863332.351, 95
Trd, 863332.434, 94
Trd, 863332.651, 105
Trd, 863332.768, 91
Trd, 863332.801, 90
Trd, 863333.434, 93
Trd, 863333.701, 92
Trd, 863333.901, 106
Trd, 863335.051, 97
Trd, 863335.151, 98
Trd, 863335.451, 107
Trd, 863335.601, 111
Trd, 863335.951, 93
Trd, 863336.168, 92
Trd, 863336.234, 91
Trd, 863336.651, 99
Trd, 863337.001, 108
Trd, 863337.318, 99
Trd, 863338.218, 95
Trd, 863338.684, 102
Trd, 863339.034, 93
Trd, 863339.601, 101
Trd, 863339.734, 101
Trd, 863339.901, 104
Trd, 863340.418, 102
Trd, 863340.468, 101
Trd, 863340.718, 102
Trd, 863341.468, 101
Trd, 863341.484, 100
Trd, 863342.051, 99
Trd, 863342.534, 97
Trd, 863343.134, 100
Trd, 863343.484, 102
Trd, 863343.551, 95
Trd, 863343.851, 98
Trd, 863344.318, 103
Trd, 863344.751, 106
Trd, 863344.984, 105
Trd, 863345.034, 109
Trd, 863345.668, 122
Trd, 863345.751, 115
Trd, 863346.318, 121
Trd, 863346.384, 114
Trd, 863346.518, 114
Trd, 863346.901, 112
Trd, 863346.984, 106
Trd, 863348.018, 99
Trd, 863348.184, 115
Trd, 863348.551, 99
Trd, 863349.018, 113
Trd, 863349.501, 101
Trd, 863349.768, 99
Trd, 863350.151, 98
Trd, 863350.584, 95
Trd, 863350.618, 96
Trd, 863350.718, 94
Trd, 863350.901, 96
Trd, 863351.434, 95
Trd, 863351.501, 105
Trd, 863351.684, 93
Trd, 863351.868, 106
Trd, 863352.234, 92
Trd, 863352.868, 93
Trd, 863352.901, 106
Trd, 863353.151, 105
Trd, 863353.601, 99
Trd, 863353.784, 98
Trd, 863353.834, 93
Trd, 863354.051, 93
Trd, 863354.251, 103
Trd, 863354.484, 93
Trd, 863354.668, 92
Trd, 863354.884, 102
Trd, 863356.001, 95
Trd, 863356.334, 97
Trd, 863356.418, 99
Trd, 863356.634, 98
Trd, 863356.701, 100
Trd, 863356.984, 101
Trd, 863357.001, 98
Trd, 863357.651, 98
Trd, 863358.284, 99
Trd, 863358.901, 98
Trd, 863359.118, 100
Trd, 863359.384, 96
Trd, 863359.684, 102
Trd, 863360.434, 104
Trd, 863360.601, 106
Trd, 863360.684, 97
Trd, 863361.018, 95
Trd, 863361.834, 95
Trd, 863361.884, 96
Trd, 863362.618, 95
Trd, 863362.701, 94
Trd, 863363.234, 96
Trd, 863363.751, 93
Trd, 863364.051, 95
Trd, 863364.518, 95
Trd, 863364.618, 94
Trd, 863364.834, 96
Trd, 863365.751, 98
Trd, 863366.484, 96
Trd, 863366.534, 100
Trd, 863367.351, 96
Trd, 863367.584, 97
Trd, 863367.918, 93
Trd, 863368.201, 96
Trd, 863368.268, 101
Trd, 863368.318, 90
Trd, 863368.451, 106
Trd, 863368.518, 108
Trd, 863368.668, 90
Trd, 863368.918, 86
Trd, 863370.318, 87
Trd, 863370.418, 85
Trd, 863370.634, 104
Trd, 863370.934, 108
Trd, 863371.318, 88
Trd, 863371.701, 107
Trd, 863371.901, 98
Trd, 863372.051, 108
Trd, 863372.351, 93
Trd, 863372.851, 97
Trd, 863373.284, 95
Trd, 863373.318, 94
Trd, 863373.468, 94
Trd, 863373.518, 93
Trd, 863373.951, 98
Trd, 863374.484, 102
Trd, 863375.084, 107
Trd, 863375.168, 108
Trd, 863375.618, 113
Trd, 863375.718, 115
Trd, 863376.068, 98
Trd, 863376.151, 109
Trd, 863376.268, 97
Trd, 863376.751, 96
Trd, 863377.068, 90
Trd, 863377.101, 100
Trd, 863377.151, 101
Trd, 863377.584, 88
Trd, 863378.418, 99
Trd, 863378.734, 98
Trd, 863378.901, 97
Trd, 863378.968, 99
Trd, 863379.118, 100
Trd, 863379.151, 94
Trd, 863379.568, 104
Trd, 863380.701, 96
Trd, 863381.251, 93
Trd, 863381.534, 101
Trd, 863382.001, 93
Trd, 863382.384, 90
Trd, 863383.234, 97
Trd, 863383.634, 88
Trd, 863384.101, 94
Trd, 863384.268, 88
Trd, 863384.301, 87
Trd, 863384.901, 87
Trd, 863385.034, 95
Trd, 863385.334, 85
Trd, 863385.451, 96
Trd, 863385.584, 97
Trd, 863386.301, 82
Trd, 863386.734, 87
Trd, 863387.518, 96
Trd, 863387.884, 91
Trd, 863388.301, 100
Trd, 863388.601, 97
Trd, 863388.984, 101
Trd, 863389.301, 99
Trd, 863389.551, 96
Trd, 863389.568, 94
Trd, 863390.084, 93
Trd, 863390.368, 83
Trd, 863390.484, 99
Trd, 863391.134, 88
Trd, 863391.451, 88
Trd, 863392.084, 88
Trd, 863392.518, 94
Trd, 863392.718, 94
Trd, 863393.434, 95
Trd, 863393.534, 96
Trd, 863393.551, 98
Trd, 863393.851, 98
Trd, 863393.901, 94
Trd, 863394.068, 101
Trd, 863394.618, 94
Trd, 863395.018, 103
Trd, 863395.101, 95
Trd, 863395.134, 105
Trd, 863395.334, 94
Trd, 863395.951, 103
Trd, 863396.234, 97
Trd, 863396.868, 98
Trd, 863397.451, 95
Trd, 863398.468, 96
Trd, 863398.551, 94
Trd, 863399.534, 90
Trd, 863400.151, 94
Trd, 863400.268, 96
Trd, 863400.418, 101
Trd, 863400.734, 89
Trd, 863401.101, 97
Trd, 863401.518, 90
Trd, 863401.684, 91
Trd, 863401.918, 99
Trd, 863402.118, 101
Trd, 863402.634, 110
Trd, 863402.968, 110
Trd, 863403.018, 111
Trd, 863403.084, 109
Trd, 863403.168, 98
Trd, 863403.518, 91
Trd, 863403.601, 90
Trd, 863403.984, 115
Trd, 863404.418, 89
Trd, 863404.634, 104
Trd, 863404.684, 110
Trd, 863405.451, 98
Trd, 863405.651, 93
Trd, 863405.834, 100
Trd, 863405.901, 89
Trd, 863406.418, 88
Trd, 863408.018, 98
Trd, 863408.134, 100
Trd, 863408.151, 90
Trd, 863408.651, 101
Trd, 863408.918, 88
Trd, 863409.118, 106
Trd, 863409.868, 95
Trd, 863410.501, 108
Trd, 863411.334, 100
Trd, 863411.484, 99
Trd, 863411.968, 101
Trd, 863412.334, 98
Trd, 863412.351, 98
Trd, 863412.368, 94
Trd, 863413.001, 96
Trd, 863413.101, 97
Trd, 863413.301, 93
Trd, 863413.651, 92
Trd, 863413.751, 97
Trd, 863414.101, 92
Trd, 863414.568, 92
Trd, 863414.634, 96
Trd, 863414.901, 103
Trd, 863415.118, 97
Trd, 863415.734, 98
Trd, 863415.818, 94
Trd, 863415.918, 90
Trd, 863415.934, 93
Trd, 863416.384, 97
Trd, 863416.468, 98
Trd, 863417.201, 89
Trd, 863417.451, 89
Trd, 863418.634, 97
Trd, 863418.668, 98
Trd, 863419.234, 99
Trd, 863419.284, 98
Trd, 863419.451, 100
Trd, 863420.134, 95
Trd, 863420.884, 95
Trd, 863421.051, 93
Trd, 863421.551, 93
Trd, 863421.951, 88
Trd, 863422.284, 93
Trd, 863422.568, 92
Trd, 863422.668, 95
Trd, 863422.751, 101
Trd, 863423.101, 106
Trd, 863423.618, 94
Trd, 863423.801, 109
Trd, 863423.934, 93
Trd, 863424.284, 92
Trd, 863424.651, 98
Trd, 863425.218, 94
Trd, 863425.484, 92
Trd, 863425.634, 97
Trd, 863426.134, 99
Trd, 863426.918, 106
Trd, 863427.001, 91
Trd, 863427.301, 98
Trd, 863427.651, 88
Trd, 863428.168, 94
Trd, 863428.718, 97
Trd, 863428.884, 98
Trd, 863429.051, 89
Trd, 863429.834, 95
Trd, 863430.018, 96
Trd, 863430.051, 90
Trd, 863430.501, 89
Trd, 863430.584, 101
Trd, 863430.634, 104
Trd, 863431.284, 100
Trd, 863431.584, 111
Trd, 863431.734, 101
Trd, 863432.551, 103
Trd, 863432.918, 102
Trd, 863433.268, 101
Trd, 863433.451, 100
Trd, 863433.801, 100
Trd, 863434.018, 98
Trd, 863434.418, 102
Trd, 863435.268, 101
Trd, 863435.501, 103
Trd, 863435.784, 102
Trd, 863435.951, 97
Trd, 863436.418, 96
Trd, 863436.751, 93
Trd, 863436.768, 90
Trd, 863436.868, 101
Trd, 863437.551, 93
Trd, 863438.134, 97
Trd, 863438.151, 87
Trd, 863438.318, 97
Trd, 863438.351, 99
Trd, 863438.884, 83
Trd, 863439.234, 84
Trd, 863439.534, 90
Trd, 863439.718, 106
Trd, 863440.318, 107
Trd, 863440.668, 92
Trd, 863440.801, 110
Trd, 863441.101, 94
Trd, 863441.634, 93
Trd, 863442.418, 100
Trd, 863442.584, 98
Trd, 863442.834, 105
Trd, 863442.851, 97
Trd, 863443.668, 97
Trd, 863444.384, 96
Trd, 863445.101, 91
Trd, 863445.118, 97
Trd, 863445.184, 90
Trd, 863445.334, 101
Trd, 863445.434, 101
Trd, 863445.501, 106
Trd, 863445.768, 107
Trd, 863446.034, 89
Trd, 863446.101, 86
Trd, 863446.434, 116
Trd, 863448.134, 94
Trd, 863448.268, 99
Trd, 863448.801, 96
Trd, 863448.884, 106
Trd, 863449.718, 110
Trd, 863449.934, 109
Trd, 863450.534, 94
Trd, 863450.801, 106
Trd, 863451.318, 105
Trd, 863451.518, 102
Trd, 863451.651, 101
Trd, 863452.001, 98
Trd, 863452.601, 101
Trd, 863452.651, 98
Trd, 863452.884, 102
Trd, 863453.101, 98
Trd, 863453.668, 95
Trd, 863454.334, 94
Trd, 863454.384, 100
Trd, 863454.434, 93
Trd, 863454.468, 104
Trd, 863454.968, 93
Trd, 863455.734, 103
Trd, 863456.301, 102
Trd, 863456.334, 93
Trd, 863456.501, 102
Trd, 863456.818, 98
Trd, 863457.301, 105
Trd, 863458.068, 94
Trd, 863458.118, 93
Trd, 863458.551, 91
Trd, 863458.618, 106
Trd, 863458.951, 92
Trd, 863459.084, 101
Trd, 863459.501, 93
Trd, 863460.318, 93
Trd, 863460.834, 95
Trd, 863461.034, 101
Trd, 863461.301, 93
Trd, 863461.501, 112
Trd, 863462.434, 94
Trd, 863462.484, 94
Trd, 863462.668, 102
Trd, 863462.701, 97
Trd, 863463.718, 96
Trd, 863463.784, 99
Trd, 863464.001, 106
Trd, 863464.418, 98
Trd, 863464.634, 93
Trd, 863464.751, 93
Trd, 863465.334, 90
Trd, 863465.801, 99
Trd, 863466.384, 93
Trd, 863466.401, 90
Trd, 863466.634, 87
Trd, 863466.701, 94
Trd, 863466.851, 98
Trd, 863466.901, 85
Trd, 863467.218, 81
Trd, 863467.318, 80
Trd, 863467.568, 105
Trd, 863468.084, 106
Trd, 863468.218, 105
Trd, 863468.751, 110
Trd, 863468.918, 109
Trd, 863468.951, 98
Trd, 863469.684, 117
Trd, 863470.734, 101
Trd, 863470.801, 99
Trd, 863471.134, 101
Trd, 863472.084, 98
Trd, 863472.234, 99
Trd, 863472.701, 101
Trd, 863472.834, 109
Trd, 863473.451, 103
Trd, 863473.651, 102
Trd, 863473.751, 106
Trd, 863473.984, 101
Trd, 863474.484, 109
Trd, 863474.884, 101
Trd, 863474.901, 100
Trd, 863475.484, 105
Trd, 863475.884, 105
Trd, 863475.934, 95
Trd, 863476.084, 94
Trd, 863476.884, 99
Trd, 863477.351, 104
Trd, 863477.951, 103
Trd, 863478.451, 101
Trd, 863478.534, 103
Trd, 863478.734, 98
Trd, 863478.818, 96
Trd, 863478.951, 104
Trd, 863479.234, 93
Trd, 863479.351, 89
Trd, 863479.518, 89
Trd, 863480.034, 95
Trd, 863480.434, 95
Trd, 863480.684, 95
Trd, 863480.734, 103
Trd, 863481.268, 104
Trd, 863481.868, 99
Trd, 863482.401, 103
Trd, 863482.484, 93
Trd, 863482.618, 103
Trd, 863482.751, 90
Trd, 863483.101, 104
Trd, 863483.518, 92
Trd, 863484.568, 94
Trd, 863484.668, 92
Trd, 863485.634, 101
Trd, 863485.668, 89
Trd, 863485.734, 88
Trd, 863486.068, 93
Trd, 863486.201, 93
Trd, 863486.218, 101
Trd, 863486.318, 84
Trd, 863486.384, 84
Trd, 863487.084, 100
Trd, 863487.401, 100
Trd, 863487.884, 101
Trd, 863487.968, 106
Trd, 863488.218, 108
Trd, 863488.651, 99
Trd, 863489.168, 105
Trd, 863489.568, 102
Trd, 863489.634, 101
Trd, 863490.018, 103
Trd, 863490.151, 104
Trd, 863490.251, 102
Trd, 863490.818, 99
Trd, 863490.984, 98
Trd, 863491.051, 95
Trd, 863491.518, 93
Trd, 863491.584, 105
Trd, 863491.718, 106
Trd, 863492.251, 99
Trd, 863492.518, 109
Trd, 863492.768, 115
Trd, 863492.851, 93
Trd, 863493.851, 122
Trd, 863493.918, 93
Trd, 863494.134, 90
Trd, 863494.884, 90
Trd, 863495.768, 89
Trd, 863495.934, 96
Trd, 863496.718, 89
Trd, 863496.784, 91
Trd, 863496.801, 93
Trd, 863496.851, 95
Trd, 863497.218, 92
Trd, 863497.818, 101
Trd, 863498.584, 94
Trd, 863498.784, 101
Trd, 863498.884, 104
Trd, 863498.951, 104
Trd, 863499.118, 94
Trd, 863499.401, 93
Trd, 863499.551, 97
Trd, 863499.651, 90
Trd, 863499.801, 87
Trd, 863500.651, 87
Trd, 863500.684, 84
Trd, 863500.751, 82
Trd, 863501.451, 85
Trd, 863502.768, 93
Trd, 863502.934, 94
Trd, 863502.968, 87
Trd, 863503.184, 95
Trd, 863503.234, 87
Trd, 863503.618, 91
Trd, 863505.101, 92
Trd, 863505.218, 96
Trd, 863505.334, 97
Trd, 863505.384, 101
Trd, 863506.901, 97
Trd, 863506.951, 102
Trd, 863507.051, 98
Trd, 863507.301, 104
Trd, 863507.468, 105
Trd, 863507.518, 101
Trd, 863507.734, 97
Trd, 863507.868, 96
Trd, 863508.651, 95
Trd, 863509.201, 93
Trd, 863509.301, 97
Trd, 863509.318, 98
Trd, 863509.334, 89
Trd, 863510.784, 91
Trd, 863511.051, 104
Trd, 863511.401, 91
Trd, 863511.601, 105
Trd, 863512.218, 97
Trd, 863512.968, 96
Trd, 863513.168, 93
Trd, 863513.301, 93
Trd, 863513.484, 90
Trd, 863513.534, 96
Trd, 863513.884, 97
Trd, 863514.134, 98
Trd, 863514.884, 96
Trd, 863515.168, 100
Trd, 863515.718, 99
Trd, 863516.284, 96
Trd, 863516.384, 92
Trd, 863516.651, 91
Trd, 863516.818, 83
Trd, 863516.901, 84
Trd, 863516.968, 79
Trd, 863517.534, 84
Trd, 863517.718, 79
Trd, 863517.751, 94
Trd, 863517.768, 95
Trd, 863518.668, 98
Trd, 863518.968, 100
Trd, 863519.284, 106
Trd, 863519.484, 107
Trd, 863519.601, 99
Trd, 863520.151, 98
Trd, 863520.718, 98
Trd, 863521.068, 99
Trd, 863521.101, 90
Trd, 863521.384, 101
Trd, 863521.718, 96
Trd, 863521.768, 88
Trd, 863521.934, 113
Trd, 863522.018, 87
Trd, 863522.368, 88
Trd, 863523.101, 89
Trd, 863523.268, 105
Trd, 863523.868, 88
Trd, 863524.468, 88
Trd, 863524.868, 88
Trd, 863524.918, 90
Trd, 863525.001, 87
Trd, 863525.201, 95
Trd, 863525.234, 85
Trd, 863525.568, 106
Trd, 863525.934, 83
Trd, 863526.601, 91
Trd, 863527.001, 89
Trd, 863527.101, 92
Trd, 863527.184, 101
Trd, 863527.651, 89
Trd, 863528.434, 99
Trd, 863528.951, 100
Trd, 863529.334, 101
Trd, 863529.568, 100
Trd, 863530.068, 98
Trd, 863530.568, 98
Trd, 863530.584, 97
Trd, 863531.268, 102
Trd, 863531.351, 103
Trd, 863531.484, 94
Trd, 863531.751, 95
Trd, 863531.818, 95
Trd, 863532.151, 94
Trd, 863532.251, 105
Trd, 863532.484, 93
Trd, 863532.851, 101
Trd, 863533.034, 102
Trd, 863533.234, 100
Trd, 863533.484, 103
Trd, 863533.834, 99
Trd, 863534.618, 106
Trd, 863536.084, 93
Trd, 863536.384, 93
Trd, 863536.634, 99
Trd, 863536.901, 101
Trd, 863536.934, 91
Trd, 863537.434, 104
Trd, 863537.568, 94
Trd, 863537.701, 93
Trd, 863537.851, 95
Trd, 863538.868, 103
Trd, 863538.884, 104
Trd, 863539.368, 108
Trd, 863539.518, 105
Trd, 863539.701, 108
Trd, 863539.984, 104
Trd, 863540.218, 98
Trd, 863540.251, 93
Trd, 863540.818, 89
Trd, 863541.068, 98
Trd, 863541.201, 97
Trd, 863541.601, 88
Trd, 863541.901, 99
Trd, 863542.218, 100
Trd, 863542.784, 101
Trd, 863542.951, 86
Trd, 863543.034, 101
Trd, 863543.651, 99
Trd, 863544.101, 99
Trd, 863544.118, 100
Trd, 863545.201, 104
Trd, 863545.384, 103
Trd, 863545.501, 101
Trd, 863545.568, 99
Trd, 863545.834, 110
Trd, 863546.851, 109
Trd, 863547.151, 100
Trd, 863547.401, 111
Trd, 863547.534, 99
Trd, 863547.734, 104
Trd, 863547.834, 116
Trd, 863548.484, 104
Trd, 863548.534, 103
Trd, 863549.318, 111
Trd, 863549.418, 100
Trd, 863549.618, 98
Trd, 863550.134, 113
Trd, 863551.084, 108
Trd, 863551.234, 104
Trd, 863551.418, 102
Trd, 863551.734, 102
Trd, 863551.834, 96
Trd, 863552.734, 96
Trd, 863553.051, 94
Trd, 863553.168, 97
Trd, 863553.234, 93
Trd, 863553.368, 98
Trd, 863553.451, 90
Trd, 863554.251, 89
Trd, 863554.384, 102
Trd, 863554.584, 96
Trd, 863554.751, 103
Trd, 863554.818, 88
Trd, 863556.118, 106
Trd, 863556.234, 89
Trd, 863556.268, 88
Trd, 863556.434, 108
Trd, 863556.668, 105
Trd, 863556.868, 107
Trd, 863557.201, 107
Trd, 863557.584, 105
Trd, 863557.651, 98
Trd, 863557.718, 87
Trd, 863557.784, 106
Trd, 863558.434, 98
Trd, 863558.868, 86
Trd, 863559.684, 87
Trd, 863560.134, 86
Trd, 863560.434, 94
Trd, 863560.768, 94
Trd, 863562.234, 96
Trd, 863562.284, 97
Trd, 863562.518, 93
Trd, 863562.568, 92
Trd, 863562.834, 92
Trd, 863562.901, 105
Trd, 863563.401, 97
Trd, 863563.468, 98
Trd, 863563.801, 97
Trd, 863564.118, 97
Trd, 863564.201, 101
Trd, 863564.251, 92
Trd, 863564.851, 106
Trd, 863565.984, 98
Trd, 863566.418, 95
Trd, 863566.484, 94
Trd, 863567.301, 94
Trd, 863567.918, 96
Trd, 863568.134, 98
Trd, 863568.251, 95
Trd, 863568.334, 93
Trd, 863568.684, 102
Trd, 863569.301, 100
Trd, 863569.418, 101
Trd, 863569.801, 97
Trd, 863570.084, 97
Trd, 863570.351, 93
Trd, 863570.534, 79
Trd, 863572.184, 93
Trd, 863572.318, 92
Trd, 863572.518, 92
Trd, 863572.718, 94
Trd, 863572.868, 90
Trd, 863572.918, 87
Trd, 863573.351, 87
Trd, 863573.518, 93
Trd, 863573.934, 95
Trd, 863574.151, 87
Trd, 863574.534, 101
Trd, 863574.684, 103
Trd, 863574.784, 104
Trd, 863575.318, 94
Trd, 863575.368, 83
Trd, 863575.484, 106
Trd, 863576.451, 84
Trd, 863576.818, 86
Trd, 863577.518, 87
Trd, 863577.801, 86
Trd, 863578.118, 88
Trd, 863578.618, 95
Trd, 863578.851, 97
Trd, 863579.618, 102
Trd, 863579.668, 96
Trd, 863580.318, 99
Trd, 863580.534, 106
Trd, 863580.568, 99
Trd, 863580.601, 98
Trd, 863580.734, 98
Trd, 863581.334, 99
Trd, 863582.084, 98
Trd, 863582.218, 93
Trd, 863582.468, 92
Trd, 863582.618, 100
Trd, 863582.751, 106
Trd, 863583.418, 90
Trd, 863583.968, 93
Trd, 863584.301, 95
Trd, 863584.801, 89
Trd, 863585.118, 95
Trd, 863585.451, 96
Trd, 863585.884, 101
Trd, 863585.934, 97
Trd, 863586.701, 96
Trd, 863586.984, 91
Trd, 863587.384, 98
Trd, 863587.834, 96
Trd, 863588.534, 90
Trd, 863588.568, 87
Trd, 863588.584, 93
Trd, 863588.751, 94
Trd, 863589.568, 94
Trd, 863589.701, 96
Trd, 863589.868, 92
Trd, 863589.884, 99
Trd, 863589.918, 106
Trd, 863590.284, 92
Trd, 863590.618, 99
Trd, 863591.101, 98
Trd, 863591.234, 91
Trd, 863591.918, 89
Trd, 863591.984, 93
Trd, 863592.301, 88
Trd, 863593.484, 94
Trd, 863593.601, 93
Trd, 863593.751, 93
Trd, 863594.334, 92
Trd, 863594.401, 94
Trd, 863594.501, 90
Trd, 863594.601, 95
Trd, 863595.418, 93
Trd, 863595.568, 101
Trd, 863596.551, 100
Trd, 863596.718, 101
Trd, 863596.934, 105
Trd, 863598.151, 103
Trd, 863598.368, 101
Trd, 863598.434, 100
Trd, 863598.634, 98
Trd, 863598.884, 101
Trd, 863599.234, 98
Trd, 863599.251, 97
Trd, 863599.334, 102
Trd, 863599.551, 90
Trd, 863600.668, 102
Trd, 863600.784, 100
Trd, 863601.118, 102
Trd, 863601.201, 103
Trd, 863601.551, 102
Trd, 863601.784, 102
Trd, 863601.801, 101
Trd, 863601.918, 104
Trd, 863602.101, 105
Trd, 863602.618, 90
Trd, 863602.701, 87
Trd, 863602.751, 109
Trd, 863603.134, 87
Trd, 863603.718, 98
Trd, 863604.368, 93
Trd, 863604.684, 103
Trd, 863605.434, 109
Trd, 863606.484, 93
Trd, 863606.801, 93
Trd, 863606.851, 94
Trd, 863606.984, 95
Trd, 863608.034, 86
Trd, 863608.318, 86
Trd, 863608.534, 98
Trd, 863608.601, 101
Trd, 863608.784, 103
Trd, 863608.801, 87
Trd, 863609.084, 98
Trd, 863609.368, 94
Trd, 863609.501, 102
Trd, 863609.751, 93
Trd, 863610.018, 90
Trd, 863611.051, 105
Trd, 863611.484, 93
Trd, 863611.701, 92
Trd, 863611.868, 105
Trd, 863612.534, 100
Trd, 863612.884, 94
Trd, 863613.134, 107
Trd, 863613.318, 109
Trd, 863613.501, 98
Trd, 863613.668, 97
Trd, 863613.834, 110
Trd, 863614.284, 109
Trd, 863614.634, 98
Trd, 863615.168, 98
Trd, 863615.718, 93
Trd, 863617.351, 97
Trd, 863617.434, 96
Trd, 863617.818, 96
Trd, 863617.901, 93
Trd, 863618.351, 95
Trd, 863618.751, 93
Trd, 863618.868, 95
Trd, 863619.068, 95
Trd, 863619.168, 97
Trd, 863619.351, 91
Trd, 863619.434, 95
Trd, 863620.201, 100
Trd, 863620.368, 103
Trd, 863620.468, 98
Trd, 863620.984, 104
Trd, 863621.084, 93
Trd, 863621.601, 98
Trd, 863621.718, 103
Trd, 863621.768, 98
Trd, 863622.251, 98
Trd, 863623.134, 103
Trd, 863623.234, 96
Trd, 863623.568, 106
Trd, 863623.618, 108
Trd, 863624.451, 90
Trd, 863624.734, 89
Trd, 863625.184, 91
Trd, 863625.301, 94
Trd, 863625.801, 93
Trd, 863625.834, 89
Trd, 863626.601, 92
Trd, 863626.634, 95
Trd, 863626.951, 101
Trd, 863627.151, 112
Trd, 863627.284, 90
Trd, 863627.584, 100
Trd, 863628.251, 96
Trd, 863628.384, 92
Trd, 863629.134, 94
Trd, 863629.284, 93
Trd, 863629.851, 93
Trd, 863630.268, 86
Trd, 863630.584, 98
Trd, 863631.584, 86
Trd, 863631.868, 85
Trd, 863632.218, 87
Trd, 863632.268, 95
Trd, 863632.484, 88
Trd, 863632.718, 90
Trd, 863633.051, 97
Trd, 863633.268, 98
Trd, 863633.684, 100
Trd, 863633.784, 101
Trd, 863633.868, 106
Trd, 863633.901, 94
Trd, 863634.084, 88
Trd, 863634.368, 88
Trd, 863634.518, 87
Trd, 863634.834, 86
Trd, 863635.401, 88
Trd, 863635.634, 88
Trd, 863635.768, 89
Trd, 863636.451, 98
Trd, 863637.001, 91
Trd, 863637.301, 90
Trd, 863637.718, 100
Trd, 863638.118, 100
Trd, 863638.234, 91
Trd, 863638.284, 101
Trd, 863638.684, 103
Trd, 863639.134, 87
Trd, 863639.751, 104
Trd, 863640.034, 98
Trd, 863640.151, 105
Trd, 863640.851, 99
Trd, 863641.201, 99
Trd, 863641.501, 102
Trd, 863641.818, 98
Trd, 863642.584, 99
Trd, 863642.734, 101
Trd, 863642.801, 98
Trd, 863643.251, 102
Trd, 863643.268, 98
Trd, 863643.734, 90
Trd, 863643.901, 88
Trd, 863644.184, 88
Trd, 863644.618, 88
Trd, 863645.051, 101
Trd, 863645.151, 100
Trd, 863645.368, 96
Trd, 863645.534, 101
Trd, 863646.084, 90
Trd, 863646.601, 91
Trd, 863646.901, 93
Trd, 863647.168, 101
Trd, 863647.184, 90
Trd, 863647.851, 91
Trd, 863647.934, 103
Trd, 863648.018, 91
Trd, 863648.051, 106
Trd, 863648.168, 90
Trd, 863648.418, 86
Trd, 863648.734, 115
Trd, 863649.268, 109
Trd, 863651.051, 91
Trd, 863651.451, 99
Trd, 863651.551, 100
Trd, 863651.701, 92
Trd, 863651.901, 91
Trd, 863652.134, 101
Trd, 863653.001, 104
Trd, 863653.301, 94
Trd, 863653.534, 92
Trd, 863653.751, 91
Trd, 863654.168, 91
Trd, 863654.568, 97
Trd, 863655.118, 91
Trd, 863655.201, 90
Trd, 863655.568, 90
Trd, 863656.384, 92
Trd, 863656.434, 98
Trd, 863656.451, 91
Trd, 863656.734, 101
Trd, 863657.151, 100
Trd, 863657.818, 94
Trd, 863657.968, 94
Trd, 863658.068, 94
Trd, 863658.818, 98
Trd, 863659.218, 97
Trd, 863659.318, 99
Trd, 863659.584, 95
Trd, 863659.701, 99
Trd, 863660.018, 94
Trd, 863660.118, 101
Trd, 863660.151, 93
Trd, 863660.384, 92
Trd, 863660.968, 101
Trd, 863661.351, 98
Trd, 863661.818, 102
Trd, 863662.368, 92
Trd, 863663.318, 97
Trd, 863663.518, 97
Trd, 863663.684, 103
Trd, 863663.818, 104
Trd, 863664.134, 99
Trd, 863664.968, 102
Trd, 863665.068, 97
Trd, 863665.268, 99
Trd, 863666.051, 98
Trd, 863666.118, 98
Trd, 863666.268, 106
Trd, 863666.368, 97
Trd, 863666.534, 93
Trd, 863666.568, 93
Trd, 863666.934, 90
Trd, 863667.101, 107
Trd, 863667.168, 106
Trd, 863667.318, 110
Trd, 863668.318, 102
Trd, 863668.484, 101
Trd, 863668.651, 104
Trd, 863669.284, 104
Trd, 863669.368, 106
Trd, 863669.768, 104
Trd, 863669.951, 106
Trd, 863670.301, 95
Trd, 863670.568, 98
Trd, 863670.818, 93
Trd, 863671.418, 94
Trd, 863671.601, 93
Trd, 863672.234, 109
Trd, 863672.951, 111
Trd, 863673.318, 102
Trd, 863673.334, 96
Trd, 863673.551, 109
Trd, 863673.818, 98
Trd, 863674.451, 106
Trd, 863675.184, 103
Trd, 863675.501, 104
Trd, 863675.751, 104
Trd, 863676.334, 106
Trd, 863676.518, 102
Trd, 863677.001, 108
Trd, 863677.134, 93
Trd, 863677.351, 99
Trd, 863677.401, 90
Trd, 863677.618, 104
Trd, 863677.768, 108
Trd, 863678.634, 107
Trd, 863679.434, 107
Trd, 863679.534, 106
Trd, 863679.634, 98
Trd, 863680.151, 101
Trd, 863681.134, 99
Trd, 863681.284, 95
Trd, 863681.768, 86
Trd, 863681.884, 84
Trd, 863682.001, 82
Trd, 863683.251, 94
Trd, 863683.351, 95
Trd, 863683.534, 96
Trd, 863683.684, 84
Trd, 863683.734, 83
Trd, 863684.051, 96
Trd, 863684.318, 105
Trd, 863684.768, 98
Trd, 863684.951, 108
Trd, 863685.268, 98
Trd, 863685.501, 81
Trd, 863685.851, 109
Trd, 863686.451, 104
Trd, 863686.968, 98
Trd, 863687.051, 106
Trd, 863687.101, 93
Trd, 863687.618, 101
Trd, 863687.801, 102
Trd, 863688.301, 103
Trd, 863688.901, 90
Trd, 863689.018, 103
Trd, 863689.168, 104
Trd, 863689.851, 95
Trd, 863690.351, 105
Trd, 863690.401, 96
Trd, 863690.501, 95
Trd, 863690.901, 95
Trd, 863690.968, 105
Trd, 863691.068, 105
Trd, 863691.868, 92
Trd, 863691.984, 91
Trd, 863692.068, 105
Trd, 863692.318, 91
Trd, 863692.634, 88
Trd, 863693.301, 99
Trd, 863693.901, 96
Trd, 863694.151, 89
Trd, 863694.534, 89
Trd, 863694.751, 94
Trd, 863695.018, 96
Trd, 863695.101, 98
Trd, 863695.384, 90
Trd, 863695.401, 105
Trd, 863695.584, 87
Trd, 863697.151, 101
Trd, 863697.284, 97
Trd, 863697.384, 101
Trd, 863698.618, 101
Trd, 863698.934, 101
Trd, 863699.134, 100
Trd, 863699.651, 95
Trd, 863699.751, 93
Trd, 863700.001, 100
Trd, 863700.151, 88
Trd, 863700.184, 86
Trd, 863700.201, 84
Trd, 863700.434, 101
Trd, 863700.451, 83
Trd, 863701.018, 104
Trd, 863701.168, 100
Trd, 863701.218, 99
Trd, 863702.251, 99
Trd, 863702.334, 100
Trd, 863702.501, 98
Trd, 863703.018, 87
Trd, 863703.734, 98
Trd, 863703.784, 99
Trd, 863703.918, 101
Trd, 863704.718, 99
Trd, 863704.884, 94
Trd, 863704.951, 93
Trd, 863705.284, 90
Trd, 863705.918, 90
Trd, 863706.201, 90
Trd, 863706.684, 89
Trd, 863707.268, 88
Trd, 863707.434, 89
Trd, 863707.918, 88
Trd, 863707.951, 92
Trd, 863708.001, 93
Trd, 863708.184, 87
Trd, 863708.518, 99
Trd, 863709.151, 99
Trd, 863709.218, 89
Trd, 863709.634, 98
Trd, 863709.668, 101
Trd, 863709.784, 93
Trd, 863710.784, 106
Trd, 863711.434, 100
Trd, 863711.801, 100
Trd, 863711.934, 102
Trd, 863712.618, 102
Trd, 863712.768, 101
Trd, 863712.868, 102
Trd, 863712.901, 99
Trd, 863713.034, 104
Trd, 863713.701, 112
Trd, 863713.734, 111
Trd, 863714.251, 100
Trd, 863714.268, 103
Trd, 863714.651, 99
Trd, 863715.401, 98
Trd, 863715.568, 108
Trd, 863715.668, 94
Trd, 863715.701, 93
Trd, 863716.568, 107
Trd, 863717.051, 93
Trd, 863717.201, 90
Trd, 863717.534, 87
Trd, 863717.968, 82
Trd, 863718.001, 98
Trd, 863718.368, 87
Trd, 863718.584, 85
Trd, 863718.934, 88
Trd, 863719.184, 108
Trd, 863719.901, 89
Trd, 863720.551, 91
Trd, 863721.151, 104
Trd, 863721.351, 105
Trd, 863721.451, 96
Trd, 863721.568, 106
Trd, 863722.234, 97
Trd, 863722.251, 96
Trd, 863722.418, 97
Trd, 863722.834, 99
Trd, 863723.168, 98
Trd, 863723.184, 99
Trd, 863723.651, 95
Trd, 863723.751, 101
Trd, 863724.151, 96
Trd, 863724.651, 107
Trd, 863725.184, 108
Trd, 863725.318, 108
Trd, 863725.351, 109
Trd, 863725.751, 94
Trd, 863725.918, 91
Trd, 863726.818, 98
Trd, 863726.834, 97
Trd, 863727.384, 89
Trd, 863727.451, 88
Trd, 863727.651, 102
Trd, 863727.868, 102
Trd, 863728.568, 94
Trd, 863729.301, 98
Trd, 863729.334, 94
Trd, 863730.034, 94
Trd, 863730.784, 105
Trd, 863731.018, 96
Trd, 863731.168, 94
Trd, 863731.434, 107
Trd, 863731.668, 93
Trd, 863732.284, 98
Trd, 863732.484, 87
Trd, 863732.551, 106
Trd, 863733.001, 107
Trd, 863733.034, 88
Trd, 863733.351, 100
Trd, 863733.934, 90
Trd, 863734.384, 91
Trd, 863734.501, 90
Trd, 863734.551, 92
Trd, 863735.351, 91
Trd, 863735.651, 95
Trd, 863735.918, 87
Trd, 863736.051, 97
Trd, 863736.334, 91
Trd, 863737.068, 94
Trd, 863737.318, 96
Trd, 863738.084, 98
Trd, 863738.184, 94
Trd, 863738.301, 101
Trd, 863738.451, 95
Trd, 863738.518, 92
Trd, 863738.984, 94
Trd, 863739.001, 91
Trd, 863739.484, 110
Trd, 863740.234, 96
Trd, 863740.768, 105
Trd, 863741.334, 97
Trd, 863741.634, 103
Trd, 863741.734, 104
Trd, 863742.084, 95
Trd, 863742.234, 93
Trd, 863742.401, 110
Trd, 863742.884, 109
Trd, 863743.601, 109
Trd, 863743.634, 108
Trd, 863743.734, 107
Trd, 863744.201, 106
Trd, 863744.384, 90
Trd, 863745.751, 112
Trd, 863745.784, 112
Trd, 863745.801, 98
Trd, 863746.168, 92
Trd, 863746.201, 91
Trd, 863746.218, 106
Trd, 863746.851, 88
Trd, 863747.468, 103
Trd, 863747.668, 100
Trd, 863748.151, 102
Trd, 863748.301, 98
Trd, 863748.334, 95
Trd, 863748.401, 103
Trd, 863748.718, 106
Trd, 863748.784, 92
Trd, 863748.951, 91
Trd, 863749.334, 91
Trd, 863749.434, 90
Trd, 863750.368, 97
Trd, 863750.684, 112
Trd, 863750.901, 96
Trd, 863751.568, 96
Trd, 863751.801, 105
Trd, 863752.068, 106
Trd, 863752.501, 99
Trd, 863752.534, 92
Trd, 863753.468, 98
Trd, 863753.651, 93
Trd, 863753.784, 91
Trd, 863754.451, 90
Trd, 863754.851, 99
Trd, 863754.918, 100
Trd, 863755.168, 91
Trd, 863755.318, 99
Trd, 863755.634, 91
Trd, 863756.318, 100
Trd, 863756.934, 99
Trd, 863756.984, 97
Trd, 863757.001, 106
Trd, 863757.034, 94
Trd, 863757.451, 90
Trd, 863757.684, 90
Trd, 863759.151, 99
Trd, 863759.401, 94
Trd, 863759.651, 90
Trd, 863759.751, 100
Trd, 863760.118, 99
Trd, 863760.318, 100
Trd, 863760.618, 91
Trd, 863760.718, 97
Trd, 863761.501, 101
Trd, 863761.818, 93
Trd, 863761.868, 92
Trd, 863762.318, 103
Trd, 863762.484, 99
Trd, 863762.534, 90
Trd, 863764.551, 99
Trd, 863764.818, 101
Trd, 863765.234, 100
Trd, 863765.484, 101
Trd, 863765.551, 101
Trd, 863765.568, 100
Trd, 863765.734, 98
Trd, 863765.801, 106
Trd, 863766.651, 109
Trd, 863766.718, 102
Trd, 863767.401, 102
Trd, 863767.601, 102
Trd, 863767.651, 96
Trd, 863768.851, 95
Trd, 863769.018, 99
Trd, 863769.168, 95
Trd, 863769.434, 95
Trd, 863769.501, 100
Trd, 863769.568, 93
Trd, 863769.818, 90
Trd, 863769.934, 97
Trd, 863770.234, 100
Trd, 863770.384, 101
Trd, 863770.768, 104
Trd, 863770.884, 96
Trd, 863771.318, 95
Trd, 863771.334, 106
Trd, 863771.618, 93
Trd, 863772.051, 91
Trd, 863772.484, 104
Trd, 863772.901, 100
Trd, 863772.968, 96
Trd, 863773.118, 102
Trd, 863773.284, 103
Trd, 863773.351, 106
Trd, 863774.284, 97
Trd, 863774.734, 96
Trd, 863774.751, 98
Trd, 863775.018, 94
Trd, 863775.168, 91
Trd, 863775.984, 99
Trd, 863776.234, 98
Trd, 863776.634, 104
Trd, 863777.168, 95
Trd, 863778.034, 103
Trd, 863778.484, 98
Trd, 863779.001, 104
Trd, 863779.068, 96
Trd, 863779.368, 95
Trd, 863779.518, 105
Trd, 863779.618, 97
Trd, 863779.784, 92
Trd, 863779.868, 91
Trd, 863780.618, 90
Trd, 863781.418, 94
Trd, 863781.501, 95
Trd, 863781.518, 95
Trd, 863782.668, 96
Trd, 863782.684, 89
Trd, 863782.984, 90
Trd, 863783.101, 89
Trd, 863783.218, 91
Trd, 863783.334, 86
Trd, 863783.868, 93
Trd, 863783.934, 99
Trd, 863784.068, 101
Trd, 863784.334, 91
Trd, 863784.484, 90
Trd, 863785.268, 104
Trd, 863785.534, 91
Trd, 863785.934, 91
Trd, 863786.201, 90
Trd, 863786.351, 102
Trd, 863787.301, 95
Trd, 863788.218, 98
Trd, 863788.401, 92
Trd, 863789.151, 97
Trd, 863789.401, 101
Trd, 863789.518, 95
Trd, 863789.851, 106
Trd, 863789.984, 108
Trd, 863790.068, 94
Trd, 863790.334, 102
Trd, 863791.251, 102
Trd, 863791.318, 93
Trd, 863791.418, 90
Trd, 863792.184, 100
Trd, 863792.368, 103
Trd, 863792.468, 97
Trd, 863792.984, 101
Trd, 863793.018, 93
Trd, 863793.818, 97
Trd, 863793.901, 100
Trd, 863794.151, 101
Trd, 863794.201, 96
Trd, 863794.718, 106
Trd, 863794.751, 96
Trd, 863794.901, 109
Trd, 863795.001, 111
Trd, 863795.684, 98
Trd, 863796.218, 98
Trd, 863796.484, 93
Trd, 863796.551, 107
Trd, 863796.668, 108
Trd, 863797.651, 91
Trd, 863798.468, 95
Trd, 863798.534, 104
Trd, 863799.101, 102
Trd, 863799.618, 91
Trd, 863799.701, 90
Trd, 863799.734, 87
Trd, 863799.951, 101
Trd, 863800.001, 97
Trd, 863800.651, 100
Trd, 863801.784, 94
Trd, 863801.818, 93
Trd, 863802.134, 100
Trd, 863802.351, 91
Trd, 863802.918, 97
Trd, 863803.201, 91
Trd, 863804.084, 96
Trd, 863804.284, 99
Trd, 863804.418, 98
Trd, 863804.534, 99
Trd, 863804.684, 90
Trd, 863804.701, 100
Trd, 863804.984, 88
Trd, 863805.201, 87
Trd, 863805.368, 84
Trd, 863805.534, 85
Trd, 863806.351, 94
Trd, 863806.918, 86
Trd, 863807.284, 95
Trd, 863807.651, 87
Trd, 863807.918, 88
Trd, 863807.984, 96
Trd, 863809.884, 97
Trd, 863810.084, 98
Trd, 863810.201, 99
Trd, 863810.334, 98
Trd, 863810.451, 105
Trd, 863810.868, 99
Trd, 863810.934, 101
Trd, 863811.051, 106
Trd, 863811.134, 97
Trd, 863811.451, 93
Trd, 863812.534, 99
Trd, 863812.801, 100
Trd, 863813.168, 108
Trd, 863813.484, 95
Trd, 863813.618, 95
Trd, 863813.751, 108
Trd, 863813.901, 96
Trd, 863814.184, 91
Trd, 863815.084, 105
Trd, 863815.468, 97
Trd, 863815.718, 103
Trd, 863815.868, 90
Trd, 863817.218, 95
Trd, 863817.551, 93
Trd, 863817.851, 97
Trd, 863817.984, 98
Trd, 863818.334, 98
Trd, 863818.568, 101
Trd, 863818.584, 98
Trd, 863819.051, 104
Trd, 863819.201, 106
Trd, 863819.434, 109
Trd, 863819.651, 104
Trd, 863819.768, 120
Trd, 863820.118, 105
Trd, 863820.384, 106
Trd, 863820.401, 103
Trd, 863820.518, 94
Trd, 863820.768, 93
Trd, 863821.168, 91
Trd, 863821.584, 90
Trd, 863822.284, 88
Trd, 863822.818, 87
Trd, 863823.384, 82
Trd, 863823.634, 92
Trd, 863823.734, 93
Trd, 863824.101, 93
Trd, 863824.201, 94
Trd, 863825.251, 87
Trd, 863825.501, 85
Trd, 863825.701, 92
Trd, 863826.268, 87
Trd, 863826.568, 98
Trd, 863826.701, 99
Trd, 863826.951, 100
Trd, 863827.368, 92
Trd, 863827.651, 101
Trd, 863828.451, 90
Trd, 863828.584, 90
Trd, 863829.368, 97
Trd, 863829.434, 101
Trd, 863830.051, 105
Trd, 863830.101, 96
Trd, 863830.401, 94
Trd, 863830.618, 98
Trd, 863830.651, 104
Trd, 863831.284, 96
Trd, 863831.601, 93
Trd, 863831.651, 89
Trd, 863831.734, 103
Trd, 863832.234, 100
Trd, 863832.818, 105
Trd, 863833.984, 96
Trd, 863834.168, 94
Trd, 863834.934, 95
Trd, 863834.951, 94
Trd, 863835.118, 96
Trd, 863835.368, 92
Trd, 863835.551, 92
Trd, 863835.818, 91
Trd, 863836.501, 98
Trd, 863836.968, 99
Trd, 863837.818, 92
Trd, 863837.918, 98
Trd, 863838.234, 106
Trd, 863838.584, 96
Trd, 863839.084, 96
Trd, 863839.151, 103
Trd, 863839.418, 104
Trd, 863839.868, 94
Trd, 863840.184, 100
Trd, 863840.484, 100
Trd, 863840.568, 101
Trd, 863840.668, 98
Trd, 863840.684, 97
Trd, 863840.751, 93
Trd, 863841.501, 94
Trd, 863842.334, 107
Trd, 863842.618, 107
Trd, 863842.784, 104
Trd, 863842.918, 100
Trd, 863843.001, 107
Trd, 863843.218, 99
Trd, 863843.818, 101
Trd, 863843.951, 98
Trd, 863844.101, 113
Trd, 863844.218, 93
Trd, 863844.651, 109
Trd, 863845.484, 96
Trd, 863845.868, 95
Trd, 863846.501, 94
Trd, 863846.701, 99
Trd, 863846.718, 90
Trd, 863846.834, 87
Trd, 863846.868, 87
Trd, 863847.534, 108
Trd, 863847.618, 106
Trd, 863848.051, 107
Trd, 863848.168, 106
Trd, 863848.651, 86
Trd, 863849.284, 106
Trd, 863850.284, 102
Trd, 863850.518, 99
Trd, 863850.568, 102
Trd, 863850.751, 98
Trd, 863851.334, 103
Trd, 863851.801, 104
Trd, 863852.434, 111
Trd, 863852.951, 97
Trd, 863853.118, 96
Trd, 863853.134, 107
Trd, 863853.468, 93
Trd, 863854.084, 107
Trd, 863854.101, 90
Trd, 863854.384, 86
Trd, 863854.668, 98
Trd, 863854.984, 98
Trd, 863855.201, 101
Trd, 863855.268, 98
Trd, 863855.534, 100
Trd, 863855.801, 101
Trd, 863855.851, 100
Trd, 863855.901, 97
Trd, 863856.101, 101
Trd, 863856.134, 85
Trd, 863856.618, 98
Trd, 863857.151, 95
Trd, 863857.318, 92
Trd, 863857.534, 92
Trd, 863858.351, 96
Trd, 863858.501, 95
Trd, 863858.584, 91
Trd, 863859.868, 101
Trd, 863860.418, 98
Trd, 863860.451, 94
Trd, 863860.551, 99
Trd, 863860.668, 100
Trd, 863861.551, 97
Trd, 863861.651, 95
Trd, 863861.884, 82
Trd, 863862.201, 99
Trd, 863862.451, 88
Trd, 863862.601, 90
Trd, 863862.668, 99
Trd, 863862.734, 101
Trd, 863862.784, 102
Trd, 863862.801, 89
Trd, 863863.001, 111
Trd, 863864.134, 88
Trd, 863864.768, 98
Trd, 863865.634, 100
Trd, 863865.868, 101
Trd, 863867.018, 105
Trd, 863867.318, 106
Trd, 863867.368, 98
Trd, 863867.401, 93
Trd, 863867.484, 89
Trd, 863867.684, 104
Trd, 863868.718, 99
Trd, 863869.118, 102
Trd, 863869.284, 102
Trd, 863869.418, 101
Trd, 863869.434, 103
Trd, 863869.851, 103
Trd, 863870.201, 103
Trd, 863870.368, 102
Trd, 863870.851, 104
Trd, 863871.768, 97
Trd, 863871.901, 104
Trd, 863872.068, 97
Trd, 863872.551, 90
Trd, 863872.701, 104
Trd, 863872.768, 86
Trd, 863873.401, 101
Trd, 863874.251, 87
Trd, 863874.684, 87
Trd, 863874.851, 92
Trd, 863874.868, 88
Trd, 863875.334, 101
Trd, 863875.368, 89
Trd, 863875.651, 98
Trd, 863876.451, 108
Trd, 863876.884, 99
Trd, 863877.234, 104
Trd, 863877.584, 101
Trd, 863877.868, 100
Trd, 863878.134, 104
Trd, 863878.318, 99
Trd, 863878.351, 90
Trd, 863878.518, 104
Trd, 863879.151, 102
Trd, 863879.168, 89
Trd, 863879.434, 101
Trd, 863879.551, 90
Trd, 863879.918, 89
Trd, 863880.568, 98
Trd, 863880.918, 91
Trd, 863881.734, 89
Trd, 863881.801, 96
Trd, 863882.068, 97
Trd, 863882.301, 91
Trd, 863882.418, 101
Trd, 863882.534, 89
Trd, 863883.134, 90
Trd, 863883.634, 92
Trd, 863883.684, 105
Trd, 863883.868, 90
Trd, 863884.834, 100
Trd, 863884.968, 101
Trd, 863885.118, 84
Trd, 863885.168, 83
Trd, 863885.268, 81
Trd, 863885.301, 93
Trd, 863885.384, 104
Trd, 863885.918, 83
Trd, 863886.234, 85
Trd, 863886.634, 105
Trd, 863887.034, 104
Trd, 863888.001, 106
Trd, 863888.168, 106
Trd, 863888.518, 109
Trd, 863888.651, 109
Trd, 863888.701, 99
Trd, 863888.768, 98
Trd, 863888.834, 111
Trd, 863889.001, 114
Trd, 863889.401, 114
Trd, 863889.784, 114
Trd, 863890.001, 108
Trd, 863890.184, 92
Trd, 863891.001, 112
Trd, 863891.368, 111
Trd, 863892.434, 109
Trd, 863892.801, 108
Trd, 863893.234, 102
Trd, 863893.584, 109
Trd, 863893.651, 100
Trd, 863893.751, 109
Trd, 863893.901, 99
Trd, 863894.118, 105
Trd, 863894.134, 98
Trd, 863894.618, 99
Trd, 863895.034, 98
Trd, 863895.434, 95
Trd, 863895.884, 97
Trd, 863896.434, 93
Trd, 863897.051, 98
Trd, 863897.451, 93
Trd, 863897.484, 91
Trd, 863898.734, 93
Trd, 863899.018, 91
Trd, 863899.618, 92
Trd, 863899.634, 89
Trd, 863900.018, 89
Trd, 863900.068, 93
Trd, 863900.251, 89
Trd, 863900.268, 97
Trd, 863900.534, 99
Trd, 863900.634, 101
Trd, 863900.684, 90
Trd, 863901.068, 106
Trd, 863902.818, 101
Trd, 863902.918, 100
Trd, 863903.418, 97
Trd, 863903.584, 96
Trd, 863903.851, 94
Trd, 863903.968, 93
Trd, 863904.101, 106
Trd, 863904.668, 106
Trd, 863904.768, 93
Trd, 863904.934, 98
Trd, 863905.401, 101
Trd, 863905.584, 107
Trd, 863905.618, 98
Trd, 863906.151, 95
Trd, 863906.301, 93
Trd, 863906.551, 87
Trd, 863907.001, 96
Trd, 863907.401, 87
Trd, 863907.651, 96
Trd, 863908.351, 102
Trd, 863908.534, 89
Trd, 863908.551, 103
Trd, 863908.701, 99
Trd, 863909.184, 87
Trd, 863910.101, 105
Trd, 863910.468, 104
Trd, 863911.034, 104
Trd, 863911.234, 104
Trd, 863911.534, 103
Trd, 863911.568, 105
Trd, 863911.901, 111
Trd, 863911.918, 98
Trd, 863912.284, 93
Trd, 863912.418, 102
Trd, 863912.768, 91
Trd, 863913.301, 91
Trd, 863913.818, 95
Trd, 863914.051, 95
Trd, 863914.434, 96
Trd, 863914.701, 93
Trd, 863914.768, 90
Trd, 863915.251, 106
Trd, 863915.451, 110
Trd, 863916.134, 93
Trd, 863916.168, 87
Trd, 863916.368, 87
Trd, 863916.651, 106
Trd, 863917.368, 93
Trd, 863917.768, 98
Trd, 863917.784, 93
Trd, 863918.034, 90
Trd, 863918.134, 100
Trd, 863918.184, 97
Trd, 863918.318, 101
Trd, 863918.568, 97
Trd, 863918.818, 97
Trd, 863920.001, 103
Trd, 863920.534, 103
Trd, 863921.134, 101
Trd, 863921.351, 98
Trd, 863921.701, 98
Trd, 863921.868, 97
Trd, 863922.418, 104
Trd, 863923.068, 98
Trd, 863923.184, 93
Trd, 863923.201, 87
Trd, 863923.318, 86
Trd, 863924.001, 93
Trd, 863924.051, 89
Trd, 863924.668, 100
Trd, 863925.268, 101
Trd, 863925.701, 92
Trd, 863925.801, 90
Trd, 863925.868, 101
Trd, 863926.334, 104
Trd, 863926.501, 108
Trd, 863927.018, 109
Trd, 863927.251, 104
Trd, 863927.268, 114
Trd, 863928.468, 109
Trd, 863928.651, 109
Trd, 863928.918, 108
Trd, 863929.551, 106
Trd, 863929.651, 98
Trd, 863929.918, 98
Trd, 863930.384, 96
Trd, 863930.768, 93
Trd, 863930.818, 90
Trd, 863931.584, 91
Trd, 863931.768, 90
Trd, 863932.134, 94
Trd, 863932.218, 95
Trd, 863932.518, 96
Trd, 863932.734, 94
Trd, 863933.401, 109
Trd, 863933.834, 98
Trd, 863934.151, 95
Trd, 863934.618, 105
Trd, 863935.001, 96
Trd, 863935.468, 95
Trd, 863935.568, 98
Trd, 863936.018, 99
Trd, 863936.301, 96
Trd, 863936.651, 96
Trd, 863937.051, 99
Trd, 863937.168, 95
Trd, 863937.218, 94
Trd, 863937.268, 93
Trd, 863937.351, 101
Trd, 863937.484, 106
Trd, 863937.718, 109
Trd, 863937.834, 91
Trd, 863938.084, 90
Trd, 863939.501, 90
Trd, 863939.668, 90
Trd, 863939.851, 91
Trd, 863940.584, 94
Trd, 863941.101, 94
Trd, 863941.201, 95
Trd, 863941.568, 98
Trd, 863942.118, 95
Trd, 863942.518, 94
Trd, 863942.768, 92
Trd, 863943.518, 96
Trd, 863943.784, 95
Trd, 863943.801, 96
Trd, 863944.101, 90
Trd, 863944.318, 97
Trd, 863944.851, 90
Trd, 863944.884, 87
Trd, 863945.718, 98
Trd, 863945.768, 90
Trd, 863946.101, 89
Trd, 863946.284, 97
Trd, 863946.418, 100
Trd, 863946.701, 92
Trd, 863946.718, 91
Trd, 863946.918, 101
Trd, 863947.468, 93
Trd, 863947.651, 106
Trd, 863947.868, 91
Trd, 863947.984, 82
Trd, 863948.201, 109
Trd, 863948.268, 109
Trd, 863949.001, 103
Trd, 863949.218, 84
Trd, 863949.568, 85
Trd, 863951.068, 102
Trd, 863951.118, 104
Trd, 863951.251, 100
Trd, 863951.668, 98
Trd, 863951.968, 105
Trd, 863952.334, 106
Trd, 863952.901, 103
Trd, 863953.101, 102
Trd, 863953.351, 99
Trd, 863953.818, 100
Trd, 863953.851, 98
Trd, 863954.934, 108
Trd, 863955.101, 96
Trd, 863955.301, 98
Trd, 863955.651, 98
Trd, 863955.784, 91
Trd, 863955.951, 98
Trd, 863956.168, 98
Trd, 863956.218, 92
Trd, 863956.784, 93
Trd, 863957.334, 94
Trd, 863957.551, 98
Trd, 863957.684, 95
Trd, 863957.968, 93
Trd, 863958.201, 92
Trd, 863958.234, 100
Trd, 863959.501, 90
Trd, 863959.984, 94
Trd, 863960.868, 87
Trd, 863960.934, 84
Trd, 863961.151, 88
Trd, 863961.584, 88
Trd, 863962.018, 94
Trd, 863962.051, 92
Trd, 863962.118, 98
Trd, 863962.918, 98
Trd, 863962.984, 99
Trd, 863963.934, 98
Trd, 863964.868, 101
Trd, 863965.284, 99
Trd, 863965.501, 99
Trd, 863965.518, 98
Trd, 863965.568, 95
Trd, 863965.951, 96
Trd, 863966.018, 97
Trd, 863966.468, 96
Trd, 863967.151, 95
Trd, 863967.334, 96
Trd, 863968.084, 94
Trd, 863968.434, 93
Trd, 863968.518, 90
Trd, 863968.634, 100
Trd, 863969.518, 91
Trd, 863969.551, 98
Trd, 863969.968, 90
Trd, 863970.018, 93
Trd, 863970.168, 94
Trd, 863970.184, 99
Trd, 863970.218, 106
Trd, 863970.651, 90
Trd, 863970.868, 87
Trd, 863971.184, 108
Trd, 863971.451, 86
Trd, 863971.684, 98
Trd, 863971.884, 110
Trd, 863972.401, 95
Trd, 863972.768, 114
Trd, 863973.218, 113
Trd, 863973.434, 113
Trd, 863973.618, 112
Trd, 863974.018, 109
Trd, 863974.468, 114
Trd, 863974.734, 106
Trd, 863974.768, 116
Trd, 863974.801, 101
Trd, 863975.534, 102
Trd, 863975.584, 101
Trd, 863976.151, 100
Trd, 863976.218, 98
Trd, 863976.318, 93
Trd, 863976.701, 98
Trd, 863977.068, 91
Trd, 863977.268, 98
Trd, 863977.568, 99
Trd, 863977.701, 93
Trd, 863977.884, 101
Trd, 863978.384, 104
Trd, 863979.934, 98
Trd, 863980.101, 92
Trd, 863980.351, 98
Trd, 863980.751, 98
Trd, 863981.001, 94
Trd, 863981.101, 95
Trd, 863982.284, 94
Trd, 863982.651, 93
Trd, 863982.684, 95
Trd, 863983.101, 94
Trd, 863983.234, 92
Trd, 863983.868, 102
Trd, 863984.084, 98
Trd, 863984.884, 99
Trd, 863985.284, 103
Trd, 863985.651, 95
Trd, 863985.751, 93
Trd, 863985.801, 91
Trd, 863986.401, 98
Trd, 863986.434, 106
Trd, 863986.801, 107
Trd, 863987.101, 108
Trd, 863987.518, 108
Trd, 863987.584, 95
Trd, 863988.334, 93
Trd, 863988.701, 92
Trd, 863989.034, 90
Trd, 863989.234, 90
Trd, 863989.901, 106
Trd, 863990.234, 88
Trd, 863990.801, 88
Trd, 863991.218, 89
Trd, 863991.401, 88
Trd, 863991.551, 88
Trd, 863991.801, 87
Trd, 863992.184, 88
Trd, 863992.368, 93
Trd, 863993.101, 86
Trd, 863993.601, 93
Trd, 863993.851, 84
Trd, 863994.334, 95
Trd, 863994.518, 84
Trd, 863995.001, 94
Trd, 863995.034, 95
Trd, 863995.518, 89
Trd, 863996.034, 90
Trd, 863996.618, 91
Trd, 863997.468, 98
Trd, 863997.701, 100
Trd, 863997.851, 90
Trd, 863998.118, 87
Trd, 863998.218, 100
Trd, 863998.284, 101
Trd, 863998.551, 102
Trd, 863999.718, 97
