Trd, 258586.350, 125
Trd, 258586.583, 85
Trd, 258587.150, 124
Trd, 258587.267, 122
Trd, 258587.283, 95
Trd, 258587.617, 123
Trd, 258587.650, 124
Trd, 258587.667, 122
Trd, 258587.933, 126
Trd, 258588.000, 95
Trd, 258588.267, 140
Trd, 258588.533, 140
Trd, 258588.817, 137
Trd, 258589.133, 140
Trd, 258589.450, 140
Trd, 258590.100, 140
Trd, 258590.283, 140
Trd, 258590.500, 140
Trd, 258590.533, 140
Trd, 258590.667, 140
Trd, 258590.700, 140
Trd, 258590.833, 139
Trd, 258591.117, 139
Trd, 258591.617, 139
Trd, 258591.833, 128
Trd, 258591.867, 122
Trd, 258591.950, 111
Trd, 258592.417, 116
Trd, 258592.533, 115
Trd, 258592.650, 133
Trd, 258593.033, 123
Trd, 258593.167, 121
Trd, 258593.467, 133
Trd, 258593.700, 113
Trd, 258594.033, 133
Trd, 258594.300, 115
Trd, 258594.717, 135
Trd, 258594.867, 99
Trd, 258595.050, 98
Trd, 258595.117, 97
Trd, 258595.400, 126
Trd, 258595.567, 119
Trd, 258595.583, 106
Trd, 258595.983, 140
Trd, 258596.267, 140
Trd, 258596.483, 140
Trd, 258596.633, 139
Trd, 258597.033, 125
Trd, 258597.067, 131
Trd, 258597.517, 121
Trd, 258597.533, 122
Trd, 258597.867, 121
Trd, 258598.383, 122
Trd, 258598.433, 126
Trd, 258598.917, 139
Trd, 258599.067, 132
Trd, 258599.300, 140
Trd, 258599.567, 140
Trd, 258599.617, 140
Trd, 258600.383, 140
Trd, 258600.633, 140
Trd, 258600.683, 137
Trd, 258601.750, 125
Trd, 258601.817, 124
Trd, 258601.833, 123
Trd, 258601.850, 118
Trd, 258602.133, 123
Trd, 258602.250, 117
Trd, 258602.283, 117
Trd, 258602.333, 116
Trd, 258602.617, 106
Trd, 258602.650, 108
Trd, 258602.883, 118
Trd, 258602.983, 120
Trd, 258603.050, 95
Trd, 258603.133, 92
Trd, 258603.517, 119
Trd, 258603.717, 116
Trd, 258604.050, 118
Trd, 258604.067, 88
Trd, 258604.300, 119
Trd, 258604.317, 87
Trd, 258604.333, 85
Trd, 258604.733, 120
Trd, 258604.750, 107
Trd, 258604.933, 134
Trd, 258604.950, 125
Trd, 258605.033, 107
Trd, 258605.317, 140
Trd, 258605.917, 106
Trd, 258606.267, 110
Trd, 258606.883, 140
Trd, 258607.267, 140
Trd, 258607.783, 140
Trd, 258608.083, 140
Trd, 258608.183, 140
Trd, 258608.233, 138
Trd, 258608.617, 137
Trd, 258608.733, 138
Trd, 258608.950, 122
Trd, 258609.200, 118
Trd, 258609.383, 132
Trd, 258609.500, 132
Trd, 258609.650, 98
Trd, 258609.933, 95
Trd, 258610.083, 140
Trd, 258610.450, 136
Trd, 258610.583, 104
Trd, 258610.717, 104
Trd, 258611.067, 127
Trd, 258611.500, 131
Trd, 258611.883, 140
Trd, 258612.017, 139
Trd, 258612.533, 140
Trd, 258612.667, 140
Trd, 258612.717, 140
Trd, 258613.367, 124
Trd, 258613.783, 140
Trd, 258614.117, 140
Trd, 258614.133, 140
Trd, 258614.917, 139
Trd, 258614.933, 138
Trd, 258615.050, 137
Trd, 258615.267, 120
Trd, 258615.283, 119
Trd, 258615.717, 132
Trd, 258615.883, 131
Trd, 258615.933, 121
Trd, 258615.983, 133
Trd, 258616.100, 118
Trd, 258616.117, 108
Trd, 258616.217, 138
Trd, 258616.350, 108
Trd, 258616.617, 137
Trd, 258616.867, 138
Trd, 258617.083, 137
Trd, 258617.333, 122
Trd, 258617.450, 113
Trd, 258617.600, 138
Trd, 258617.833, 124
Trd, 258618.050, 133
Trd, 258618.233, 121
Trd, 258618.783, 111
Trd, 258619.183, 128
Trd, 258619.400, 134
Trd, 258619.600, 137
Trd, 258619.633, 136
Trd, 258619.733, 133
Trd, 258619.800, 115
Trd, 258620.050, 140
Trd, 258620.100, 115
Trd, 258620.217, 110
Trd, 258620.633, 129
Trd, 258621.217, 140
Trd, 258621.650, 140
Trd, 258622.417, 140
Trd, 258622.650, 140
Trd, 258622.683, 140
Trd, 258623.550, 140
Trd, 258623.600, 140
Trd, 258623.883, 138
Trd, 258623.917, 138
Trd, 258624.400, 114
Trd, 258624.500, 99
Trd, 258624.650, 95
Trd, 258624.683, 85
Trd, 258624.750, 112
Trd, 258624.967, 110
Trd, 258625.317, 88
Trd, 258625.633, 102
Trd, 258625.667, 107
Trd, 258625.717, 101
Trd, 258625.850, 100
Trd, 258626.000, 108
Trd, 258626.683, 105
Trd, 258626.733, 106
Trd, 258626.950, 76
Trd, 258627.367, 75
Trd, 258627.467, 73
Trd, 258627.600, 99
Trd, 258627.817, 81
Trd, 258628.117, 81
Trd, 258628.133, 101
Trd, 258628.217, 76
Trd, 258628.433, 105
Trd, 258628.500, 99
Trd, 258628.600, 102
Trd, 258628.633, 106
Trd, 258628.717, 91
Trd, 258628.917, 112
Trd, 258629.333, 140
Trd, 258629.667, 140
Trd, 258629.983, 122
Trd, 258630.233, 113
Trd, 258630.550, 117
Trd, 258630.950, 140
Trd, 258630.967, 133
Trd, 258631.000, 128
Trd, 258631.483, 117
Trd, 258631.683, 136
Trd, 258631.950, 123
Trd, 258632.300, 132
Trd, 258632.383, 136
Trd, 258632.517, 137
Trd, 258632.633, 123
Trd, 258632.933, 118
Trd, 258633.117, 117
Trd, 258633.650, 138
Trd, 258633.717, 121
Trd, 258633.950, 107
Trd, 258633.983, 101
Trd, 258634.183, 126
Trd, 258634.600, 100
Trd, 258635.300, 122
Trd, 258635.367, 123
Trd, 258635.433, 99
Trd, 258635.733, 104
Trd, 258635.800, 103
Trd, 258636.133, 103
Trd, 258636.200, 82
Trd, 258636.350, 81
Trd, 258636.417, 124
Trd, 258636.650, 81
Trd, 258636.883, 122
Trd, 258637.733, 140
Trd, 258638.117, 140
Trd, 258638.150, 140
Trd, 258638.317, 140
Trd, 258638.367, 140
Trd, 258638.500, 140
Trd, 258638.700, 137
Trd, 258638.983, 126
Trd, 258639.000, 120
Trd, 258639.217, 112
Trd, 258639.367, 130
Trd, 258639.867, 92
Trd, 258639.933, 120
Trd, 258640.500, 92
Trd, 258640.633, 91
Trd, 258640.933, 91
Trd, 258641.283, 90
Trd, 258641.317, 109
Trd, 258641.450, 90
Trd, 258642.033, 89
Trd, 258642.167, 106
Trd, 258642.283, 108
Trd, 258642.317, 97
Trd, 258642.417, 80
Trd, 258642.433, 75
Trd, 258642.733, 82
Trd, 258642.967, 79
Trd, 258643.100, 107
Trd, 258643.117, 109
Trd, 258643.733, 120
Trd, 258643.900, 116
Trd, 258644.183, 140
Trd, 258644.300, 136
Trd, 258644.383, 130
Trd, 258644.633, 127
Trd, 258644.683, 116
Trd, 258644.767, 137
Trd, 258644.883, 138
Trd, 258645.117, 119
Trd, 258645.283, 125
Trd, 258645.617, 120
Trd, 258646.267, 130
Trd, 258646.867, 128
Trd, 258646.917, 134
Trd, 258646.983, 136
Trd, 258647.217, 136
Trd, 258647.433, 114
Trd, 258647.467, 113
Trd, 258647.883, 130
Trd, 258648.000, 110
Trd, 258648.500, 135
Trd, 258648.717, 109
Trd, 258648.783, 114
Trd, 258648.817, 136
Trd, 258648.900, 99
Trd, 258649.167, 108
Trd, 258649.383, 108
Trd, 258650.067, 108
Trd, 258650.200, 68
Trd, 258650.600, 61
Trd, 258650.633, 61
Trd, 258650.917, 62
Trd, 258650.983, 62
Trd, 258651.067, 129
Trd, 258651.450, 86
Trd, 258651.950, 101
Trd, 258652.183, 102
Trd, 258652.300, 101
Trd, 258652.533, 94
Trd, 258652.700, 122
Trd, 258652.750, 91
Trd, 258652.767, 125
Trd, 258652.900, 90
Trd, 258652.967, 102
Trd, 258653.617, 81
Trd, 258653.733, 83
Trd, 258653.767, 121
Trd, 258653.917, 123
Trd, 258654.067, 113
Trd, 258654.083, 111
Trd, 258654.117, 101
Trd, 258654.533, 124
Trd, 258655.117, 122
Trd, 258655.500, 112
Trd, 258655.633, 111
Trd, 258656.183, 140
Trd, 258656.233, 140
Trd, 258656.333, 140
Trd, 258656.517, 140
Trd, 258657.100, 124
Trd, 258657.200, 124
Trd, 258657.600, 134
Trd, 258657.700, 132
Trd, 258657.817, 131
Trd, 258658.117, 111
Trd, 258658.633, 140
Trd, 258658.700, 109
Trd, 258659.150, 136
Trd, 258659.200, 139
Trd, 258659.583, 122
Trd, 258659.633, 113
Trd, 258659.683, 103
Trd, 258660.433, 140
Trd, 258660.550, 140
Trd, 258660.767, 140
Trd, 258660.833, 140
Trd, 258661.000, 139
Trd, 258661.583, 139
Trd, 258661.767, 138
Trd, 258661.900, 137
Trd, 258662.000, 138
Trd, 258662.217, 133
Trd, 258662.517, 131
Trd, 258662.650, 129
Trd, 258662.667, 132
Trd, 258662.867, 122
Trd, 258663.233, 122
Trd, 258663.800, 124
Trd, 258663.833, 127
Trd, 258664.000, 122
Trd, 258664.733, 111
Trd, 258664.850, 126
Trd, 258664.883, 129
Trd, 258664.933, 110
Trd, 258665.000, 98
Trd, 258665.050, 94
Trd, 258665.333, 116
Trd, 258665.467, 140
Trd, 258665.667, 113
Trd, 258665.917, 105
Trd, 258665.983, 109
Trd, 258666.000, 97
Trd, 258666.417, 137
Trd, 258666.517, 98
Trd, 258666.633, 137
Trd, 258667.133, 140
Trd, 258667.250, 98
Trd, 258667.267, 94
Trd, 258667.650, 139
Trd, 258667.950, 134
Trd, 258668.233, 95
Trd, 258668.333, 89
Trd, 258668.783, 102
Trd, 258668.933, 90
Trd, 258668.967, 115
Trd, 258668.983, 88
Trd, 258669.133, 134
Trd, 258669.767, 89
Trd, 258670.117, 99
Trd, 258670.350, 71
Trd, 258670.533, 83
Trd, 258670.583, 134
Trd, 258670.767, 74
Trd, 258671.167, 140
Trd, 258671.550, 140
Trd, 258671.717, 140
Trd, 258671.800, 140
Trd, 258671.833, 140
Trd, 258671.933, 139
Trd, 258671.967, 135
Trd, 258672.333, 122
Trd, 258672.833, 111
Trd, 258672.967, 136
Trd, 258673.383, 120
Trd, 258673.600, 123
Trd, 258673.750, 123
Trd, 258673.767, 125
Trd, 258674.167, 124
Trd, 258674.667, 120
Trd, 258674.833, 118
Trd, 258675.000, 124
Trd, 258675.150, 124
Trd, 258675.333, 124
Trd, 258675.417, 123
Trd, 258676.283, 140
Trd, 258676.300, 140
Trd, 258676.633, 139
Trd, 258676.967, 139
Trd, 258677.067, 132
Trd, 258677.167, 136
Trd, 258677.500, 140
Trd, 258677.517, 139
Trd, 258677.533, 121
Trd, 258677.883, 115
Trd, 258679.133, 140
Trd, 258679.433, 140
Trd, 258679.650, 140
Trd, 258679.850, 140
Trd, 258680.300, 140
Trd, 258680.483, 140
Trd, 258680.533, 140
Trd, 258680.550, 140
Trd, 258680.683, 138
Trd, 258680.833, 128
Trd, 258681.117, 122
Trd, 258681.233, 107
Trd, 258681.617, 92
Trd, 258681.717, 91
Trd, 258681.950, 123
Trd, 258682.200, 129
Trd, 258682.517, 105
Trd, 258682.683, 126
Trd, 258682.867, 129
Trd, 258682.900, 131
Trd, 258683.033, 105
Trd, 258683.067, 92
Trd, 258683.183, 77
Trd, 258683.233, 69
Trd, 258683.267, 67
Trd, 258683.350, 128
Trd, 258683.550, 61
Trd, 258683.617, 62
Trd, 258683.717, 129
Trd, 258684.017, 60
Trd, 258684.617, 75
Trd, 258685.050, 110
Trd, 258685.133, 109
Trd, 258685.200, 108
Trd, 258685.267, 112
Trd, 258686.050, 131
Trd, 258686.300, 140
Trd, 258686.783, 140
Trd, 258687.167, 139
Trd, 258687.383, 139
Trd, 258687.483, 138
Trd, 258687.800, 136
Trd, 258687.867, 135
Trd, 258688.350, 124
Trd, 258688.517, 120
Trd, 258688.850, 113
Trd, 258688.883, 101
Trd, 258688.983, 133
Trd, 258689.283, 137
Trd, 258689.367, 99
Trd, 258689.400, 139
Trd, 258689.717, 71
Trd, 258689.883, 122
Trd, 258690.067, 71
Trd, 258690.117, 99
Trd, 258690.233, 62
Trd, 258690.400, 109
Trd, 258691.200, 127
Trd, 258691.983, 124
Trd, 258692.133, 125
Trd, 258692.200, 128
Trd, 258692.500, 128
Trd, 258692.600, 129
Trd, 258692.850, 125
Trd, 258692.883, 125
Trd, 258693.067, 124
Trd, 258693.750, 129
Trd, 258693.817, 127
Trd, 258694.117, 126
Trd, 258694.183, 122
Trd, 258694.517, 125
Trd, 258694.550, 114
Trd, 258694.650, 113
Trd, 258694.933, 120
Trd, 258695.133, 121
Trd, 258695.317, 117
Trd, 258695.333, 122
Trd, 258695.383, 116
Trd, 258695.850, 115
Trd, 258695.883, 118
Trd, 258695.967, 126
Trd, 258696.750, 140
Trd, 258696.817, 116
Trd, 258696.867, 112
Trd, 258697.033, 135
Trd, 258697.283, 103
Trd, 258697.667, 137
Trd, 258698.100, 112
Trd, 258698.367, 111
Trd, 258698.433, 102
Trd, 258698.583, 86
Trd, 258699.033, 81
Trd, 258699.283, 107
Trd, 258699.567, 116
Trd, 258699.733, 122
Trd, 258699.833, 124
Trd, 258700.050, 114
Trd, 258700.100, 113
Trd, 258700.333, 120
Trd, 258700.417, 114
Trd, 258700.900, 123
Trd, 258701.017, 113
Trd, 258701.100, 110
Trd, 258701.383, 110
Trd, 258701.833, 119
Trd, 258701.900, 120
Trd, 258702.033, 119
Trd, 258702.150, 104
Trd, 258702.267, 115
Trd, 258702.567, 114
Trd, 258702.700, 116
Trd, 258702.933, 95
Trd, 258703.017, 120
Trd, 258703.250, 120
Trd, 258703.567, 107
Trd, 258704.133, 140
Trd, 258704.917, 140
Trd, 258705.183, 140
Trd, 258705.233, 139
Trd, 258705.283, 131
Trd, 258705.500, 139
Trd, 258705.750, 124
Trd, 258705.850, 123
Trd, 258706.367, 125
Trd, 258706.667, 139
Trd, 258706.967, 140
Trd, 258707.100, 140
Trd, 258707.517, 140
Trd, 258707.533, 139
Trd, 258707.900, 138
Trd, 258708.250, 134
Trd, 258708.333, 138
Trd, 258708.350, 138
Trd, 258708.883, 140
Trd, 258709.100, 139
Trd, 258709.367, 134
Trd, 258709.450, 136
Trd, 258709.550, 122
Trd, 258709.833, 120
Trd, 258709.900, 115
Trd, 258710.133, 108
Trd, 258710.150, 106
Trd, 258710.167, 83
Trd, 258710.883, 128
Trd, 258711.717, 129
Trd, 258711.733, 128
Trd, 258711.817, 128
Trd, 258711.917, 129
Trd, 258712.167, 129
Trd, 258712.200, 126
Trd, 258712.300, 115
Trd, 258712.783, 113
Trd, 258712.917, 122
Trd, 258713.083, 122
Trd, 258713.733, 105
Trd, 258713.867, 120
Trd, 258713.983, 121
Trd, 258714.150, 93
Trd, 258714.167, 122
Trd, 258715.150, 140
Trd, 258715.250, 140
Trd, 258715.417, 140
Trd, 258715.433, 140
Trd, 258715.783, 139
Trd, 258716.300, 127
Trd, 258716.600, 122
Trd, 258717.017, 121
Trd, 258717.217, 122
Trd, 258717.233, 124
Trd, 258717.250, 127
Trd, 258717.517, 120
Trd, 258717.650, 119
Trd, 258718.267, 121
Trd, 258718.300, 115
Trd, 258718.783, 121
Trd, 258718.883, 123
Trd, 258718.900, 124
Trd, 258719.300, 114
Trd, 258719.350, 113
Trd, 258719.567, 128
Trd, 258719.750, 113
Trd, 258719.867, 117
Trd, 258719.983, 107
Trd, 258720.267, 108
Trd, 258720.400, 133
Trd, 258720.800, 107
Trd, 258720.983, 122
Trd, 258721.333, 105
Trd, 258721.400, 104
Trd, 258721.500, 103
Trd, 258721.850, 124
Trd, 258722.150, 121
Trd, 258722.517, 108
Trd, 258722.767, 119
Trd, 258723.000, 121
Trd, 258723.017, 115
Trd, 258723.417, 115
Trd, 258723.433, 118
Trd, 258723.583, 111
Trd, 258724.017, 114
Trd, 258724.067, 104
Trd, 258724.117, 116
Trd, 258724.150, 118
Trd, 258724.217, 119
Trd, 258724.317, 94
Trd, 258724.367, 120
Trd, 258725.283, 140
Trd, 258725.633, 140
Trd, 258726.450, 140
Trd, 258726.717, 139
Trd, 258727.200, 140
Trd, 258727.483, 140
Trd, 258727.550, 131
Trd, 258728.000, 131
Trd, 258728.100, 131
Trd, 258728.150, 130
Trd, 258728.433, 139
Trd, 258728.450, 135
Trd, 258728.500, 124
Trd, 258728.517, 120
Trd, 258728.633, 119
Trd, 258728.683, 114
Trd, 258729.017, 115
Trd, 258729.067, 114
Trd, 258729.167, 113
Trd, 258729.417, 103
Trd, 258730.117, 140
Trd, 258730.267, 139
Trd, 258730.583, 138
Trd, 258730.633, 126
Trd, 258731.417, 120
Trd, 258731.450, 104
Trd, 258731.500, 101
Trd, 258731.650, 84
Trd, 258732.533, 126
Trd, 258732.817, 128
Trd, 258732.933, 129
Trd, 258733.250, 132
Trd, 258733.483, 123
Trd, 258733.517, 133
Trd, 258733.550, 122
Trd, 258733.833, 120
Trd, 258734.167, 137
Trd, 258734.200, 91
Trd, 258734.750, 140
Trd, 258735.067, 125
Trd, 258735.317, 140
Trd, 258735.400, 138
Trd, 258735.817, 135
Trd, 258736.383, 140
Trd, 258736.600, 136
Trd, 258736.650, 135
Trd, 258737.283, 106
Trd, 258737.633, 108
Trd, 258737.983, 108
Trd, 258738.117, 133
Trd, 258738.417, 129
Trd, 258738.550, 130
Trd, 258738.867, 129
Trd, 258738.967, 130
Trd, 258739.117, 109
Trd, 258739.300, 107
Trd, 258739.650, 108
Trd, 258739.850, 106
Trd, 258740.033, 117
Trd, 258740.100, 105
Trd, 258740.167, 128
Trd, 258740.717, 129
Trd, 258740.850, 112
Trd, 258740.917, 111
Trd, 258741.083, 104
Trd, 258741.117, 104
Trd, 258741.267, 118
Trd, 258741.283, 99
Trd, 258741.300, 96
Trd, 258741.517, 113
Trd, 258742.417, 127
Trd, 258742.617, 114
Trd, 258742.667, 113
Trd, 258742.833, 112
Trd, 258742.967, 99
Trd, 258743.500, 117
Trd, 258743.567, 118
Trd, 258744.050, 122
Trd, 258744.100, 123
Trd, 258744.417, 116
Trd, 258744.500, 123
Trd, 258744.750, 137
Trd, 258745.000, 105
Trd, 258745.017, 104
Trd, 258745.183, 98
Trd, 258745.683, 64
Trd, 258745.783, 63
Trd, 258745.933, 65
Trd, 258745.967, 63
Trd, 258746.383, 140
Trd, 258747.083, 140
Trd, 258747.217, 140
Trd, 258747.533, 140
Trd, 258747.683, 135
Trd, 258747.967, 132
Trd, 258748.417, 133
Trd, 258748.600, 133
Trd, 258748.633, 134
Trd, 258748.733, 138
Trd, 258749.033, 133
Trd, 258749.200, 125
Trd, 258749.267, 122
Trd, 258749.300, 120
Trd, 258749.433, 136
Trd, 258749.667, 130
Trd, 258750.067, 120
Trd, 258750.200, 134
Trd, 258750.217, 119
Trd, 258750.267, 110
Trd, 258750.417, 111
Trd, 258750.483, 110
Trd, 258750.567, 104
Trd, 258751.550, 115
Trd, 258752.133, 108
Trd, 258752.183, 106
Trd, 258752.367, 124
Trd, 258752.800, 124
Trd, 258752.817, 108
Trd, 258753.083, 107
Trd, 258753.517, 119
Trd, 258753.667, 108
Trd, 258753.700, 122
Trd, 258753.817, 122
Trd, 258754.267, 122
Trd, 258754.667, 107
Trd, 258755.117, 132
Trd, 258755.367, 138
Trd, 258756.133, 129
Trd, 258756.517, 140
Trd, 258756.567, 140
Trd, 258756.783, 140
Trd, 258756.900, 129
Trd, 258757.117, 140
Trd, 258757.233, 108
Trd, 258757.367, 121
Trd, 258757.467, 140
Trd, 258757.500, 108
Trd, 258758.050, 139
Trd, 258758.367, 140
Trd, 258758.467, 139
Trd, 258758.650, 138
Trd, 258758.850, 126
Trd, 258759.100, 137
Trd, 258759.350, 136
Trd, 258759.600, 135
Trd, 258759.667, 134
Trd, 258759.800, 124
Trd, 258759.883, 136
Trd, 258759.950, 123
Trd, 258760.033, 118
Trd, 258760.050, 109
Trd, 258760.150, 124
Trd, 258760.200, 100
Trd, 258760.400, 127
Trd, 258760.433, 98
Trd, 258760.600, 119
Trd, 258760.733, 119
Trd, 258761.217, 128
Trd, 258761.583, 117
Trd, 258761.833, 125
Trd, 258761.867, 105
Trd, 258761.933, 84
Trd, 258762.733, 121
Trd, 258762.883, 102
Trd, 258762.983, 77
Trd, 258763.117, 118
Trd, 258763.133, 114
Trd, 258763.550, 113
Trd, 258763.650, 106
Trd, 258763.800, 114
Trd, 258763.850, 96
Trd, 258763.950, 94
Trd, 258764.050, 115
Trd, 258764.100, 87
Trd, 258764.350, 84
Trd, 258765.067, 108
Trd, 258765.550, 117
Trd, 258765.900, 137
Trd, 258766.083, 111
Trd, 258766.433, 108
Trd, 258766.683, 107
Trd, 258766.883, 103
Trd, 258767.317, 139
Trd, 258767.517, 138
Trd, 258767.617, 121
Trd, 258767.717, 115
Trd, 258767.767, 110
Trd, 258767.900, 137
Trd, 258767.933, 100
Trd, 258768.217, 137
Trd, 258768.433, 138
Trd, 258768.550, 124
Trd, 258768.750, 129
Trd, 258768.817, 123
Trd, 258768.917, 122
Trd, 258769.033, 133
Trd, 258769.617, 130
Trd, 258769.783, 130
Trd, 258770.233, 132
Trd, 258770.267, 117
Trd, 258770.417, 112
Trd, 258770.617, 112
Trd, 258770.733, 95
Trd, 258771.067, 134
Trd, 258771.117, 118
Trd, 258771.317, 118
Trd, 258771.967, 120
Trd, 258772.283, 120
Trd, 258772.583, 140
Trd, 258772.767, 128
Trd, 258772.883, 119
Trd, 258773.550, 140
Trd, 258773.617, 140
Trd, 258773.750, 127
Trd, 258773.783, 125
Trd, 258774.033, 120
Trd, 258774.233, 140
Trd, 258774.433, 125
Trd, 258774.917, 140
Trd, 258775.117, 137
Trd, 258775.433, 128
Trd, 258775.633, 122
Trd, 258775.867, 127
Trd, 258776.033, 131
Trd, 258776.100, 132
Trd, 258776.217, 133
Trd, 258776.350, 122
Trd, 258776.567, 136
Trd, 258777.383, 115
Trd, 258777.617, 135
Trd, 258777.750, 118
Trd, 258777.933, 106
Trd, 258778.050, 104
Trd, 258778.333, 129
Trd, 258778.500, 100
Trd, 258778.550, 96
Trd, 258778.567, 126
Trd, 258778.583, 127
Trd, 258778.733, 94
Trd, 258778.950, 128
Trd, 258778.967, 81
Trd, 258779.000, 79
Trd, 258779.317, 125
Trd, 258779.717, 126
Trd, 258779.833, 92
Trd, 258780.733, 107
Trd, 258781.583, 110
Trd, 258781.650, 110
Trd, 258781.783, 109
Trd, 258782.083, 116
Trd, 258782.200, 117
Trd, 258782.300, 118
Trd, 258782.367, 108
Trd, 258782.400, 100
Trd, 258782.567, 87
Trd, 258782.667, 109
Trd, 258782.967, 119
Trd, 258782.983, 122
Trd, 258783.433, 140
Trd, 258783.883, 140
Trd, 258784.017, 140
Trd, 258784.083, 140
Trd, 258784.417, 138
Trd, 258784.567, 138
Trd, 258785.083, 137
Trd, 258786.250, 134
Trd, 258786.683, 134
Trd, 258786.783, 132
Trd, 258786.950, 123
Trd, 258787.100, 140
Trd, 258787.167, 140
Trd, 258787.517, 122
Trd, 258788.067, 127
Trd, 258788.100, 126
Trd, 258788.250, 133
Trd, 258788.450, 118
Trd, 258788.850, 117
Trd, 258788.867, 115
Trd, 258788.950, 112
Trd, 258789.000, 111
Trd, 258789.050, 128
Trd, 258789.067, 129
Trd, 258789.100, 95
Trd, 258789.183, 131
Trd, 258789.367, 134
Trd, 258789.517, 134
Trd, 258789.667, 133
Trd, 258789.700, 118
Trd, 258789.933, 117
Trd, 258790.067, 138
Trd, 258790.400, 135
Trd, 258790.433, 120
Trd, 258791.783, 140
Trd, 258792.200, 140
Trd, 258792.733, 140
Trd, 258793.000, 140
Trd, 258793.167, 140
Trd, 258793.200, 140
Trd, 258793.517, 140
Trd, 258793.733, 140
Trd, 258793.767, 140
Trd, 258793.967, 140
Trd, 258793.983, 138
Trd, 258794.617, 140
Trd, 258794.917, 131
Trd, 258795.150, 125
Trd, 258795.333, 124
Trd, 258795.633, 131
Trd, 258796.017, 130
Trd, 258796.183, 128
Trd, 258796.250, 128
Trd, 258796.283, 129
Trd, 258796.333, 127
Trd, 258796.467, 126
Trd, 258796.500, 125
Trd, 258796.533, 128
Trd, 258796.933, 125
Trd, 258797.250, 120
Trd, 258797.683, 119
Trd, 258797.833, 106
Trd, 258797.867, 82
Trd, 258798.017, 126
Trd, 258798.117, 127
Trd, 258799.267, 111
Trd, 258799.883, 130
Trd, 258799.950, 131
Trd, 258800.283, 110
Trd, 258800.383, 126
Trd, 258800.767, 111
Trd, 258800.783, 107
Trd, 258800.833, 129
Trd, 258800.883, 133
Trd, 258801.133, 119
Trd, 258801.517, 124
Trd, 258801.533, 118
Trd, 258801.833, 120
Trd, 258802.067, 129
Trd, 258802.167, 115
Trd, 258802.367, 115
Trd, 258802.500, 102
Trd, 258802.800, 138
Trd, 258802.883, 101
Trd, 258803.067, 139
Trd, 258803.517, 110
Trd, 258803.950, 106
Trd, 258804.133, 133
Trd, 258804.217, 136
Trd, 258804.567, 128
Trd, 258804.683, 135
Trd, 258804.783, 116
Trd, 258805.233, 128
Trd, 258805.417, 118
Trd, 258805.617, 109
Trd, 258805.783, 129
Trd, 258806.100, 106
Trd, 258806.400, 127
Trd, 258806.417, 128
Trd, 258806.850, 129
Trd, 258807.100, 127
Trd, 258807.517, 130
Trd, 258807.717, 128
Trd, 258807.883, 124
Trd, 258807.983, 123
Trd, 258808.067, 140
Trd, 258808.233, 117
Trd, 258808.667, 119
Trd, 258808.750, 139
Trd, 258808.967, 118
Trd, 258809.917, 111
Trd, 258810.017, 110
Trd, 258810.033, 107
Trd, 258810.467, 139
Trd, 258810.517, 127
Trd, 258811.300, 140
Trd, 258811.367, 139
Trd, 258811.450, 124
Trd, 258811.467, 120
Trd, 258811.483, 119
Trd, 258811.950, 140
Trd, 258812.683, 140
Trd, 258812.917, 140
Trd, 258812.933, 140
Trd, 258813.067, 139
Trd, 258813.450, 136
Trd, 258813.617, 132
Trd, 258813.850, 131
Trd, 258814.350, 136
Trd, 258814.417, 123
Trd, 258814.900, 126
Trd, 258814.967, 127
Trd, 258814.983, 125
Trd, 258815.200, 123
Trd, 258815.267, 129
Trd, 258815.450, 117
Trd, 258815.567, 101
Trd, 258815.650, 96
Trd, 258815.683, 92
Trd, 258815.900, 91
Trd, 258816.050, 127
Trd, 258816.083, 131
Trd, 258816.217, 113
Trd, 258816.767, 140
Trd, 258817.050, 140
Trd, 258817.300, 138
Trd, 258817.683, 125
Trd, 258818.367, 125
Trd, 258818.533, 126
Trd, 258818.583, 133
Trd, 258818.667, 124
Trd, 258819.100, 140
Trd, 258819.133, 139
Trd, 258819.283, 137
Trd, 258819.333, 122
Trd, 258820.000, 132
Trd, 258820.100, 111
Trd, 258821.150, 124
Trd, 258821.300, 125
Trd, 258821.450, 123
Trd, 258821.517, 115
Trd, 258821.600, 114
Trd, 258821.633, 109
Trd, 258821.933, 106
Trd, 258822.083, 123
Trd, 258822.467, 122
Trd, 258822.517, 70
Trd, 258822.583, 73
Trd, 258822.650, 68
Trd, 258823.000, 83
Trd, 258823.033, 100
Trd, 258823.383, 122
Trd, 258823.400, 123
Trd, 258823.550, 124
Trd, 258823.767, 111
Trd, 258824.100, 105
Trd, 258824.183, 110
Trd, 258824.900, 140
Trd, 258825.167, 140
Trd, 258825.417, 140
Trd, 258825.683, 140
Trd, 258826.167, 140
Trd, 258826.217, 140
Trd, 258826.417, 140
Trd, 258826.550, 139
Trd, 258826.800, 139
Trd, 258827.150, 136
Trd, 258827.183, 139
Trd, 258827.250, 139
Trd, 258827.467, 140
Trd, 258827.617, 125
Trd, 258827.883, 140
Trd, 258828.817, 139
Trd, 258828.900, 137
Trd, 258829.667, 136
Trd, 258829.750, 131
Trd, 258830.567, 140
Trd, 258830.900, 139
Trd, 258831.083, 137
Trd, 258831.267, 140
Trd, 258831.400, 136
Trd, 258831.500, 128
Trd, 258831.600, 123
Trd, 258831.867, 128
Trd, 258832.133, 121
Trd, 258832.167, 118
Trd, 258832.383, 116
Trd, 258832.450, 114
Trd, 258833.000, 135
Trd, 258833.067, 103
Trd, 258833.317, 140
Trd, 258833.600, 129
Trd, 258833.867, 137
Trd, 258833.917, 129
Trd, 258834.200, 129
Trd, 258834.367, 127
Trd, 258834.467, 130
Trd, 258835.167, 117
Trd, 258835.200, 117
Trd, 258835.250, 125
Trd, 258835.317, 117
Trd, 258835.833, 110
Trd, 258836.217, 119
Trd, 258836.267, 104
Trd, 258836.433, 123
Trd, 258836.467, 92
Trd, 258836.683, 98
Trd, 258836.733, 122
Trd, 258836.867, 124
Trd, 258837.083, 123
Trd, 258837.200, 122
Trd, 258838.183, 140
Trd, 258838.283, 140
Trd, 258838.350, 140
Trd, 258838.933, 140
Trd, 258839.183, 140
Trd, 258839.450, 139
Trd, 258840.017, 140
Trd, 258840.133, 140
Trd, 258840.333, 140
Trd, 258840.383, 134
Trd, 258840.583, 134
Trd, 258840.650, 138
Trd, 258840.733, 120
Trd, 258840.833, 119
Trd, 258840.967, 114
Trd, 258842.250, 132
Trd, 258842.350, 131
Trd, 258842.450, 124
Trd, 258842.633, 106
Trd, 258842.983, 97
Trd, 258843.083, 130
Trd, 258843.267, 130
Trd, 258843.333, 100
Trd, 258843.417, 129
Trd, 258843.700, 132
Trd, 258843.717, 100
Trd, 258843.967, 119
Trd, 258844.033, 140
Trd, 258844.550, 112
Trd, 258844.617, 108
Trd, 258845.000, 105
Trd, 258845.117, 107
Trd, 258845.200, 103
Trd, 258845.550, 102
Trd, 258845.567, 108
Trd, 258845.767, 114
Trd, 258846.583, 140
Trd, 258846.750, 128
Trd, 258846.833, 140
Trd, 258846.983, 125
Trd, 258847.250, 128
Trd, 258847.467, 127
Trd, 258847.567, 127
Trd, 258848.483, 125
Trd, 258848.500, 124
Trd, 258848.533, 123
Trd, 258848.850, 140
Trd, 258849.017, 123
Trd, 258849.083, 122
Trd, 258849.117, 138
Trd, 258849.167, 121
Trd, 258849.467, 113
Trd, 258849.833, 104
Trd, 258849.883, 103
Trd, 258849.950, 102
Trd, 258850.183, 102
Trd, 258850.317, 122
Trd, 258850.383, 123
Trd, 258850.400, 124
Trd, 258850.583, 100
Trd, 258850.667, 98
Trd, 258851.100, 123
Trd, 258851.350, 117
Trd, 258851.383, 124
Trd, 258851.783, 106
Trd, 258852.017, 85
Trd, 258852.117, 119
Trd, 258852.317, 96
Trd, 258852.583, 84
Trd, 258852.783, 81
Trd, 258853.017, 124
Trd, 258853.267, 84
Trd, 258853.333, 125
Trd, 258853.783, 117
Trd, 258853.900, 140
Trd, 258854.300, 132
Trd, 258854.833, 136
Trd, 258854.950, 135
Trd, 258854.983, 133
Trd, 258855.050, 129
Trd, 258855.217, 126
Trd, 258855.533, 126
Trd, 258856.167, 140
Trd, 258856.233, 140
Trd, 258856.633, 140
Trd, 258856.983, 139
Trd, 258857.367, 136
Trd, 258857.517, 139
Trd, 258857.817, 124
Trd, 258858.133, 121
Trd, 258859.083, 131
Trd, 258859.400, 128
Trd, 258859.483, 130
Trd, 258859.533, 131
Trd, 258859.550, 128
Trd, 258859.717, 127
Trd, 258859.817, 117
Trd, 258859.967, 116
Trd, 258860.050, 112
Trd, 258860.217, 124
Trd, 258860.683, 124
Trd, 258860.800, 104
Trd, 258860.967, 124
Trd, 258860.983, 125
Trd, 258861.017, 126
Trd, 258861.333, 105
Trd, 258861.367, 105
Trd, 258861.617, 110
Trd, 258861.833, 129
Trd, 258861.850, 116
Trd, 258862.767, 120
Trd, 258863.267, 126
Trd, 258863.517, 126
Trd, 258863.633, 119
Trd, 258863.683, 127
Trd, 258863.933, 119
Trd, 258864.783, 131
Trd, 258865.300, 121
Trd, 258865.333, 127
Trd, 258865.483, 122
Trd, 258865.617, 121
Trd, 258866.150, 140
Trd, 258866.183, 139
Trd, 258866.300, 138
Trd, 258866.517, 134
Trd, 258867.183, 135
Trd, 258867.233, 133
Trd, 258867.317, 119
Trd, 258868.150, 138
Trd, 258868.183, 131
Trd, 258868.217, 129
Trd, 258868.300, 137
Trd, 258868.483, 137
Trd, 258868.567, 137
Trd, 258868.583, 128
Trd, 258869.017, 118
Trd, 258869.650, 136
Trd, 258869.750, 124
Trd, 258869.850, 123
Trd, 258870.800, 110
Trd, 258870.950, 117
Trd, 258871.250, 111
Trd, 258871.267, 100
Trd, 258871.367, 98
Trd, 258871.467, 119
Trd, 258871.800, 98
Trd, 258871.833, 99
Trd, 258871.867, 97
Trd, 258872.017, 74
Trd, 258872.050, 124
Trd, 258872.067, 125
Trd, 258872.217, 104
Trd, 258872.450, 127
Trd, 258872.883, 111
Trd, 258873.050, 96
Trd, 258873.083, 76
Trd, 258873.233, 86
Trd, 258873.400, 131
Trd, 258873.967, 71
Trd, 258874.033, 72
Trd, 258874.383, 61
Trd, 258875.117, 60
Trd, 258875.150, 60
Trd, 258875.183, 61
Trd, 258875.683, 60
Trd, 258876.067, 60
Trd, 258876.183, 60
Trd, 258876.217, 62
Trd, 258876.583, 62
Trd, 258876.667, 63
Trd, 258877.083, 64
Trd, 258877.233, 65
Trd, 258877.317, 70
Trd, 258877.483, 73
Trd, 258877.750, 82
Trd, 258877.967, 92
Trd, 258878.100, 133
Trd, 258878.150, 102
Trd, 258878.233, 137
Trd, 258878.500, 139
Trd, 258878.917, 140
Trd, 258879.633, 140
Trd, 258880.100, 140
Trd, 258880.233, 131
Trd, 258880.433, 122
Trd, 258880.833, 140
Trd, 258880.900, 140
Trd, 258881.200, 139
Trd, 258881.733, 127
Trd, 258882.133, 129
Trd, 258882.517, 140
Trd, 258882.817, 139
Trd, 258883.150, 136
Trd, 258883.183, 125
Trd, 258883.550, 140
Trd, 258883.683, 121
Trd, 258883.950, 139
Trd, 258884.367, 131
Trd, 258884.400, 129
Trd, 258884.617, 138
Trd, 258884.917, 140
Trd, 258884.950, 116
Trd, 258885.183, 133
Trd, 258885.283, 138
Trd, 258885.317, 114
Trd, 258885.650, 113
Trd, 258885.967, 115
Trd, 258886.383, 115
Trd, 258886.417, 114
Trd, 258886.917, 118
Trd, 258887.383, 116
Trd, 258887.400, 117
Trd, 258887.433, 114
Trd, 258887.467, 116
Trd, 258887.483, 92
Trd, 258887.533, 118
Trd, 258887.617, 112
Trd, 258887.717, 101
Trd, 258888.267, 118
Trd, 258888.833, 122
Trd, 258888.900, 123
Trd, 258888.967, 111
Trd, 258889.200, 109
Trd, 258889.217, 126
Trd, 258889.733, 126
Trd, 258890.083, 119
Trd, 258890.683, 116
Trd, 258890.833, 119
Trd, 258891.083, 120
Trd, 258891.183, 109
Trd, 258891.783, 140
Trd, 258892.217, 111
Trd, 258892.283, 136
Trd, 258892.583, 111
Trd, 258892.667, 116
Trd, 258892.717, 117
Trd, 258892.900, 111
Trd, 258893.317, 113
Trd, 258893.517, 113
Trd, 258893.600, 112
Trd, 258893.933, 104
Trd, 258894.083, 100
Trd, 258894.317, 93
Trd, 258894.367, 75
Trd, 258894.633, 102
Trd, 258894.850, 74
Trd, 258894.983, 74
Trd, 258895.017, 73
Trd, 258895.400, 106
Trd, 258895.550, 106
Trd, 258895.633, 105
Trd, 258895.667, 113
Trd, 258895.783, 93
Trd, 258895.800, 114
Trd, 258895.933, 83
Trd, 258895.950, 82
Trd, 258896.133, 89
Trd, 258896.417, 77
Trd, 258896.667, 115
Trd, 258896.917, 119
Trd, 258897.300, 75
Trd, 258897.633, 140
Trd, 258897.817, 120
Trd, 258898.167, 96
Trd, 258898.200, 95
Trd, 258898.867, 127
Trd, 258898.967, 111
Trd, 258899.083, 111
Trd, 258899.517, 140
Trd, 258899.683, 113
Trd, 258899.700, 112
Trd, 258900.200, 140
Trd, 258900.250, 137
Trd, 258900.633, 138
Trd, 258900.700, 138
Trd, 258901.000, 136
Trd, 258901.467, 130
Trd, 258901.600, 130
Trd, 258902.017, 130
Trd, 258902.050, 132
Trd, 258902.233, 129
Trd, 258902.367, 132
Trd, 258902.400, 134
Trd, 258902.783, 125
Trd, 258902.900, 121
Trd, 258903.050, 100
Trd, 258903.367, 139
Trd, 258903.500, 140
Trd, 258903.533, 138
Trd, 258904.067, 124
Trd, 258904.583, 139
Trd, 258904.600, 125
Trd, 258904.733, 123
Trd, 258905.233, 120
Trd, 258905.583, 120
Trd, 258905.700, 130
Trd, 258905.833, 119
Trd, 258905.967, 137
Trd, 258906.300, 139
Trd, 258906.417, 115
Trd, 258906.450, 114
Trd, 258906.500, 113
Trd, 258907.117, 126
Trd, 258907.617, 126
Trd, 258907.650, 105
Trd, 258908.017, 107
Trd, 258908.133, 127
Trd, 258908.400, 127
Trd, 258908.683, 140
Trd, 258909.017, 124
Trd, 258909.717, 134
Trd, 258909.883, 139
Trd, 258910.550, 140
Trd, 258911.100, 136
Trd, 258911.317, 135
Trd, 258911.350, 128
Trd, 258911.567, 120
Trd, 258911.650, 113
Trd, 258911.700, 112
Trd, 258911.817, 111
Trd, 258911.883, 138
Trd, 258911.983, 139
Trd, 258912.283, 140
Trd, 258912.450, 140
Trd, 258912.617, 140
Trd, 258912.967, 140
Trd, 258913.117, 117
Trd, 258913.483, 125
Trd, 258913.683, 138
Trd, 258913.783, 138
Trd, 258913.933, 109
Trd, 258914.167, 103
Trd, 258914.350, 103
Trd, 258914.617, 103
Trd, 258914.783, 125
Trd, 258915.383, 109
Trd, 258915.467, 140
Trd, 258915.633, 140
Trd, 258915.650, 139
Trd, 258915.750, 107
Trd, 258916.067, 105
Trd, 258916.600, 112
Trd, 258917.067, 104
Trd, 258917.300, 103
Trd, 258917.517, 114
Trd, 258917.533, 118
Trd, 258917.800, 91
Trd, 258917.817, 119
Trd, 258917.867, 128
Trd, 258917.900, 77
Trd, 258918.067, 106
Trd, 258918.333, 87
Trd, 258918.500, 102
Trd, 258918.550, 78
Trd, 258919.000, 100
Trd, 258919.050, 101
Trd, 258919.433, 92
Trd, 258919.550, 100
Trd, 258919.717, 101
Trd, 258919.817, 107
Trd, 258920.333, 95
Trd, 258920.550, 140
Trd, 258921.967, 139
Trd, 258922.017, 135
Trd, 258922.150, 134
Trd, 258922.200, 132
Trd, 258922.283, 128
Trd, 258922.333, 120
Trd, 258922.917, 139
Trd, 258923.233, 138
Trd, 258923.717, 138
Trd, 258923.750, 137
Trd, 258923.817, 132
Trd, 258923.833, 125
Trd, 258923.867, 138
Trd, 258923.883, 134
Trd, 258923.933, 116
Trd, 258923.967, 111
Trd, 258924.000, 104
Trd, 258924.650, 126
Trd, 258924.767, 127
Trd, 258925.067, 118
Trd, 258925.617, 118
Trd, 258925.833, 120
Trd, 258925.917, 118
Trd, 258926.217, 122
Trd, 258926.383, 119
Trd, 258926.417, 117
Trd, 258926.733, 118
Trd, 258926.817, 120
Trd, 258927.083, 107
Trd, 258927.183, 120
Trd, 258927.200, 122
Trd, 258927.617, 129
Trd, 258927.850, 118
Trd, 258927.900, 121
Trd, 258928.917, 126
Trd, 258928.967, 128
Trd, 258929.083, 126
Trd, 258929.100, 125
Trd, 258929.167, 125
Trd, 258929.400, 124
Trd, 258929.883, 136
Trd, 258930.017, 120
Trd, 258930.167, 140
Trd, 258930.483, 131
Trd, 258930.750, 122
Trd, 258930.933, 115
Trd, 258931.117, 135
Trd, 258931.317, 119
Trd, 258931.417, 104
Trd, 258931.533, 130
Trd, 258931.583, 134
Trd, 258931.617, 95
Trd, 258932.283, 134
Trd, 258932.700, 130
Trd, 258932.767, 109
Trd, 258932.883, 82
Trd, 258932.950, 76
Trd, 258932.967, 126
Trd, 258933.083, 130
Trd, 258933.300, 131
Trd, 258933.350, 64
Trd, 258933.433, 136
Trd, 258934.000, 60
Trd, 258934.017, 60
Trd, 258934.283, 60
Trd, 258935.450, 140
Trd, 258935.467, 140
Trd, 258935.533, 140
Trd, 258936.000, 140
Trd, 258936.433, 140
Trd, 258936.467, 138
Trd, 258936.700, 139
Trd, 258936.917, 139
Trd, 258937.183, 139
Trd, 258937.517, 139
Trd, 258938.067, 140
Trd, 258938.117, 140
Trd, 258938.133, 133
Trd, 258938.550, 132
Trd, 258939.317, 140
Trd, 258939.867, 140
Trd, 258940.067, 140
Trd, 258940.150, 138
Trd, 258940.283, 140
Trd, 258940.867, 139
Trd, 258941.217, 133
Trd, 258941.333, 132
Trd, 258941.500, 132
Trd, 258941.533, 131
Trd, 258942.150, 121
Trd, 258942.167, 118
Trd, 258942.567, 120
Trd, 258942.683, 124
Trd, 258942.900, 127
Trd, 258943.217, 126
Trd, 258943.300, 133
Trd, 258943.467, 130
Trd, 258943.617, 114
Trd, 258943.800, 114
Trd, 258944.050, 114
Trd, 258944.083, 111
Trd, 258944.450, 129
Trd, 258944.717, 110
Trd, 258944.817, 126
Trd, 258944.967, 99
Trd, 258945.067, 97
Trd, 258945.083, 125
Trd, 258945.500, 125
Trd, 258945.617, 93
Trd, 258945.833, 92
Trd, 258945.883, 91
Trd, 258946.033, 98
Trd, 258946.100, 124
Trd, 258946.717, 126
Trd, 258946.833, 108
Trd, 258947.200, 88
Trd, 258947.317, 107
Trd, 258947.533, 116
Trd, 258947.817, 107
Trd, 258948.083, 106
Trd, 258948.300, 126
Trd, 258948.417, 124
Trd, 258948.633, 98
Trd, 258948.783, 127
Trd, 258949.000, 136
Trd, 258949.333, 123
Trd, 258949.383, 122
Trd, 258949.900, 109
Trd, 258949.967, 139
Trd, 258950.667, 140
Trd, 258950.717, 140
Trd, 258950.850, 140
Trd, 258951.233, 139
Trd, 258951.383, 119
Trd, 258951.733, 140
Trd, 258952.000, 140
Trd, 258952.017, 140
Trd, 258952.533, 132
Trd, 258952.783, 137
Trd, 258952.967, 136
Trd, 258953.050, 131
Trd, 258953.117, 140
Trd, 258953.417, 140
Trd, 258953.500, 140
Trd, 258953.650, 122
Trd, 258953.683, 107
Trd, 258954.517, 140
Trd, 258954.567, 139
Trd, 258954.900, 134
Trd, 258955.000, 124
Trd, 258955.133, 138
Trd, 258955.350, 123
Trd, 258955.533, 113
Trd, 258955.817, 130
Trd, 258956.233, 111
Trd, 258956.250, 125
Trd, 258956.450, 106
Trd, 258956.500, 105
Trd, 258956.983, 124
Trd, 258957.200, 112
Trd, 258957.383, 113
Trd, 258957.650, 99
Trd, 258957.767, 98
Trd, 258958.083, 112
Trd, 258958.150, 93
Trd, 258958.317, 93
Trd, 258958.650, 109
Trd, 258958.700, 108
Trd, 258958.950, 113
Trd, 258959.000, 107
Trd, 258959.067, 128
Trd, 258959.567, 102
Trd, 258960.350, 135
Trd, 258960.417, 134
Trd, 258960.517, 126
Trd, 258960.550, 113
Trd, 258961.117, 115
Trd, 258961.400, 113
Trd, 258961.567, 105
Trd, 258961.700, 103
Trd, 258961.850, 102
Trd, 258962.000, 102
Trd, 258962.333, 91
Trd, 258962.600, 90
Trd, 258962.667, 103
Trd, 258962.733, 102
Trd, 258962.817, 104
Trd, 258963.350, 117
Trd, 258963.367, 102
Trd, 258963.517, 90
Trd, 258963.733, 99
Trd, 258963.917, 93
Trd, 258964.117, 93
Trd, 258964.433, 138
Trd, 258964.600, 91
Trd, 258964.717, 140
Trd, 258964.917, 100
Trd, 258964.983, 88
Trd, 258965.150, 122
Trd, 258965.717, 135
Trd, 258965.800, 91
Trd, 258966.433, 116
Trd, 258966.467, 117
Trd, 258966.483, 118
Trd, 258966.550, 118
Trd, 258966.700, 100
Trd, 258967.217, 111
Trd, 258967.533, 114
Trd, 258967.617, 97
Trd, 258967.850, 105
Trd, 258967.983, 94
Trd, 258968.117, 93
Trd, 258968.167, 92
Trd, 258968.217, 110
Trd, 258968.483, 93
Trd, 258968.600, 93
Trd, 258968.750, 111
Trd, 258969.367, 109
Trd, 258969.450, 111
Trd, 258969.467, 113
Trd, 258969.683, 122
Trd, 258969.967, 95
Trd, 258971.350, 126
Trd, 258971.733, 140
Trd, 258972.317, 140
Trd, 258972.350, 140
Trd, 258972.650, 140
Trd, 258972.850, 140
Trd, 258973.200, 140
Trd, 258973.300, 139
Trd, 258973.667, 139
Trd, 258974.150, 137
Trd, 258974.233, 136
Trd, 258974.983, 140
Trd, 258975.117, 139
Trd, 258975.300, 139
Trd, 258975.367, 119
Trd, 258975.633, 137
Trd, 258975.800, 115
Trd, 258975.950, 117
Trd, 258976.583, 120
Trd, 258976.700, 121
Trd, 258976.850, 123
Trd, 258976.883, 118
Trd, 258977.150, 118
Trd, 258977.217, 122
Trd, 258977.650, 121
Trd, 258977.767, 111
Trd, 258978.150, 129
Trd, 258978.233, 91
Trd, 258978.367, 89
Trd, 258979.133, 119
Trd, 258979.617, 111
Trd, 258979.767, 114
Trd, 258979.800, 115
Trd, 258979.817, 111
Trd, 258979.867, 117
Trd, 258980.050, 110
Trd, 258980.133, 109
Trd, 258980.333, 139
Trd, 258980.417, 107
Trd, 258980.450, 106
Trd, 258980.500, 105
Trd, 258980.583, 139
Trd, 258980.700, 120
Trd, 258981.283, 98
Trd, 258981.417, 118
Trd, 258981.633, 94
Trd, 258981.800, 140
Trd, 258981.817, 94
Trd, 258982.067, 140
Trd, 258982.450, 139
Trd, 258982.467, 93
Trd, 258982.850, 139
Trd, 258983.367, 110
Trd, 258983.650, 138
Trd, 258983.700, 124
Trd, 258984.050, 110
Trd, 258984.300, 110
Trd, 258984.333, 109
Trd, 258984.517, 107
Trd, 258984.700, 106
Trd, 258985.117, 133
Trd, 258985.233, 140
Trd, 258985.583, 140
Trd, 258985.600, 123
Trd, 258986.133, 110
Trd, 258986.217, 108
Trd, 258986.417, 137
Trd, 258986.683, 107
Trd, 258987.017, 137
Trd, 258987.067, 137
Trd, 258987.167, 138
Trd, 258987.350, 137
Trd, 258987.550, 140
Trd, 258987.850, 137
Trd, 258988.067, 136
Trd, 258988.483, 130
Trd, 258988.733, 126
Trd, 258989.067, 116
Trd, 258989.633, 118
Trd, 258990.000, 138
Trd, 258990.267, 135
Trd, 258990.650, 109
Trd, 258991.033, 105
Trd, 258991.100, 131
Trd, 258991.267, 112
Trd, 258991.433, 107
Trd, 258991.467, 128
Trd, 258991.517, 105
Trd, 258991.867, 100
Trd, 258992.217, 97
Trd, 258992.267, 95
Trd, 258992.350, 124
Trd, 258992.800, 94
Trd, 258992.933, 122
Trd, 258993.050, 110
Trd, 258993.117, 84
Trd, 258993.617, 120
Trd, 258993.750, 120
Trd, 258993.867, 114
Trd, 258994.033, 113
Trd, 258994.100, 121
Trd, 258994.533, 102
Trd, 258994.900, 123
Trd, 258995.067, 88
Trd, 258995.167, 124
Trd, 258995.483, 81
Trd, 258995.767, 69
Trd, 258995.800, 70
Trd, 258995.900, 122
Trd, 258996.067, 62
Trd, 258996.550, 61
Trd, 258996.650, 61
Trd, 258996.733, 61
Trd, 258997.050, 63
Trd, 258997.200, 63
Trd, 258997.250, 64
Trd, 258997.550, 108
Trd, 258997.667, 69
Trd, 258997.800, 108
Trd, 258998.250, 85
Trd, 258998.517, 89
Trd, 258998.683, 107
Trd, 258999.000, 108
Trd, 258999.283, 109
Trd, 258999.433, 134
Trd, 258999.450, 91
Trd, 258999.500, 91
Trd, 258999.733, 135
Trd, 259000.183, 121
Trd, 259000.433, 117
Trd, 259000.550, 110
Trd, 259001.100, 140
Trd, 259001.617, 140
Trd, 259001.733, 140
Trd, 259002.750, 140
Trd, 259002.867, 140
Trd, 259003.317, 140
Trd, 259003.800, 140
Trd, 259003.900, 139
Trd, 259003.933, 138
Trd, 259004.083, 138
Trd, 259004.283, 140
Trd, 259004.383, 135
Trd, 259004.683, 135
Trd, 259004.717, 134
Trd, 259004.767, 123
Trd, 259004.850, 123
Trd, 259004.867, 139
Trd, 259004.967, 118
Trd, 259005.450, 119
Trd, 259005.500, 116
Trd, 259005.867, 116
Trd, 259006.233, 102
Trd, 259006.567, 108
Trd, 259006.583, 96
Trd, 259006.833, 121
Trd, 259007.067, 111
Trd, 259007.283, 118
Trd, 259007.417, 119
Trd, 259007.517, 118
Trd, 259007.750, 114
Trd, 259007.800, 113
Trd, 259007.917, 120
Trd, 259008.183, 95
Trd, 259008.200, 94
Trd, 259008.283, 120
Trd, 259008.383, 121
Trd, 259008.500, 123
Trd, 259008.667, 102
Trd, 259009.433, 88
Trd, 259010.050, 140
Trd, 259010.367, 140
Trd, 259010.400, 125
Trd, 259010.650, 140
Trd, 259010.950, 140
Trd, 259011.267, 120
Trd, 259011.583, 110
Trd, 259012.000, 130
Trd, 259012.250, 132
Trd, 259012.433, 138
Trd, 259012.450, 139
Trd, 259012.750, 138
Trd, 259013.200, 138
Trd, 259013.817, 131
Trd, 259013.850, 130
Trd, 259013.983, 117
Trd, 259014.000, 136
Trd, 259014.350, 128
Trd, 259014.417, 112
Trd, 259014.867, 131
Trd, 259015.117, 119
Trd, 259015.517, 114
Trd, 259015.600, 115
Trd, 259015.800, 115
Trd, 259016.300, 113
Trd, 259016.750, 129
Trd, 259017.150, 140
Trd, 259017.200, 128
Trd, 259017.250, 114
Trd, 259017.383, 113
Trd, 259018.350, 140
Trd, 259018.583, 140
Trd, 259018.900, 136
Trd, 259019.017, 137
Trd, 259019.083, 128
Trd, 259019.450, 125
Trd, 259019.667, 135
Trd, 259019.967, 134
Trd, 259020.300, 125
Trd, 259020.383, 115
Trd, 259020.567, 112
Trd, 259021.217, 132
Trd, 259021.233, 114
Trd, 259021.433, 112
Trd, 259021.450, 114
Trd, 259021.500, 111
Trd, 259021.583, 132
Trd, 259021.667, 109
Trd, 259021.767, 100
Trd, 259022.117, 111
Trd, 259022.233, 130
Trd, 259022.367, 99
Trd, 259022.967, 132
Trd, 259023.633, 120
Trd, 259023.667, 119
Trd, 259023.717, 118
Trd, 259023.933, 119
Trd, 259024.017, 121
Trd, 259024.200, 121
Trd, 259024.433, 119
Trd, 259024.617, 125
Trd, 259024.650, 119
Trd, 259025.250, 126
Trd, 259025.283, 119
Trd, 259025.400, 118
Trd, 259025.483, 126
Trd, 259025.750, 108
Trd, 259025.867, 105
Trd, 259025.967, 127
Trd, 259026.033, 129
Trd, 259026.433, 133
Trd, 259026.967, 140
Trd, 259027.167, 139
Trd, 259027.250, 122
Trd, 259028.133, 140
Trd, 259028.417, 139
Trd, 259028.617, 138
Trd, 259028.700, 135
Trd, 259028.867, 139
Trd, 259029.000, 132
Trd, 259029.417, 120
Trd, 259029.517, 114
Trd, 259029.567, 112
Trd, 259029.600, 94
Trd, 259029.933, 134
Trd, 259030.067, 135
Trd, 259030.150, 126
Trd, 259030.633, 116
Trd, 259030.733, 104
Trd, 259030.900, 116
Trd, 259031.050, 95
Trd, 259031.550, 124
Trd, 259031.717, 123
Trd, 259031.817, 126
Trd, 259032.167, 131
Trd, 259032.183, 121
Trd, 259032.200, 106
Trd, 259032.933, 101
Trd, 259033.000, 98
Trd, 259033.083, 102
Trd, 259033.367, 117
Trd, 259033.500, 140
Trd, 259034.133, 140
Trd, 259034.333, 140
Trd, 259034.483, 140
Trd, 259034.600, 140
Trd, 259034.700, 140
Trd, 259034.767, 140
Trd, 259035.050, 132
Trd, 259035.100, 125
Trd, 259035.200, 104
Trd, 259035.500, 126
Trd, 259035.550, 89
Trd, 259035.817, 131
Trd, 259036.183, 130
Trd, 259036.400, 124
Trd, 259036.483, 128
Trd, 259037.050, 126
Trd, 259037.250, 126
Trd, 259037.333, 127
Trd, 259037.667, 116
Trd, 259037.833, 116
Trd, 259037.967, 135
Trd, 259038.283, 120
Trd, 259038.400, 119
Trd, 259038.850, 118
Trd, 259039.117, 116
Trd, 259039.367, 113
Trd, 259039.600, 109
Trd, 259039.667, 108
Trd, 259039.717, 98
Trd, 259039.983, 115
Trd, 259040.117, 105
Trd, 259040.167, 96
Trd, 259040.267, 113
Trd, 259040.333, 116
Trd, 259040.883, 83
Trd, 259041.000, 82
Trd, 259041.083, 79
Trd, 259041.200, 99
Trd, 259041.450, 69
Trd, 259041.483, 85
Trd, 259041.733, 109
Trd, 259042.250, 109
Trd, 259042.267, 110
Trd, 259042.283, 104
Trd, 259042.633, 81
Trd, 259042.667, 80
Trd, 259043.317, 140
Trd, 259043.450, 139
Trd, 259043.983, 140
Trd, 259044.367, 140
Trd, 259044.833, 140
Trd, 259045.167, 140
Trd, 259045.333, 140
Trd, 259045.800, 140
Trd, 259046.000, 138
Trd, 259046.433, 140
Trd, 259046.667, 137
Trd, 259047.050, 128
Trd, 259047.167, 126
Trd, 259047.183, 122
Trd, 259047.267, 120
Trd, 259047.383, 136
Trd, 259047.467, 114
Trd, 259047.783, 119
Trd, 259047.817, 118
Trd, 259048.300, 131
Trd, 259048.433, 131
Trd, 259048.883, 130
Trd, 259048.967, 131
Trd, 259049.017, 123
Trd, 259049.183, 130
Trd, 259049.517, 125
Trd, 259049.567, 131
Trd, 259049.850, 124
Trd, 259049.883, 123
Trd, 259050.017, 113
Trd, 259050.317, 110
Trd, 259050.600, 132
Trd, 259050.767, 101
Trd, 259050.783, 101
Trd, 259051.017, 131
Trd, 259051.433, 123
Trd, 259051.667, 121
Trd, 259051.700, 99
Trd, 259052.350, 129
Trd, 259052.383, 132
Trd, 259052.733, 119
Trd, 259053.633, 140
Trd, 259053.783, 140
Trd, 259053.817, 139
Trd, 259053.900, 138
Trd, 259054.200, 125
Trd, 259054.217, 117
Trd, 259054.433, 123
Trd, 259054.750, 134
Trd, 259055.117, 137
Trd, 259055.733, 138
Trd, 259056.633, 129
Trd, 259056.700, 137
Trd, 259056.800, 128
Trd, 259056.817, 125
Trd, 259056.867, 120
Trd, 259057.533, 115
Trd, 259057.850, 114
Trd, 259058.083, 89
Trd, 259058.150, 126
Trd, 259058.217, 127
Trd, 259058.500, 88
Trd, 259058.567, 86
Trd, 259059.383, 86
Trd, 259059.483, 84
Trd, 259059.767, 118
Trd, 259059.850, 101
Trd, 259059.883, 121
Trd, 259060.017, 117
Trd, 259060.233, 124
Trd, 259060.283, 125
Trd, 259060.467, 124
Trd, 259060.517, 123
Trd, 259060.717, 125
Trd, 259060.983, 91
Trd, 259061.333, 140
Trd, 259062.350, 138
Trd, 259062.500, 138
Trd, 259062.533, 125
Trd, 259062.650, 112
Trd, 259063.417, 139
Trd, 259063.550, 133
Trd, 259063.567, 132
Trd, 259063.667, 121
Trd, 259063.833, 139
Trd, 259064.167, 140
Trd, 259064.350, 111
Trd, 259064.483, 110
Trd, 259064.633, 110
Trd, 259064.833, 140
Trd, 259064.900, 111
Trd, 259065.050, 103
Trd, 259065.500, 139
Trd, 259065.900, 140
Trd, 259065.917, 140
Trd, 259066.000, 138
Trd, 259066.267, 122
Trd, 259066.717, 116
Trd, 259066.983, 115
Trd, 259067.400, 113
Trd, 259067.467, 98
Trd, 259067.683, 128
Trd, 259067.717, 110
Trd, 259068.050, 128
Trd, 259068.167, 117
Trd, 259068.383, 127
Trd, 259069.000, 120
Trd, 259069.033, 124
Trd, 259069.350, 124
Trd, 259069.417, 125
Trd, 259069.433, 119
Trd, 259069.500, 118
Trd, 259070.050, 117
Trd, 259070.300, 110
Trd, 259070.433, 110
Trd, 259071.150, 112
Trd, 259071.183, 118
Trd, 259071.600, 110
Trd, 259071.717, 109
Trd, 259071.833, 105
Trd, 259071.933, 86
Trd, 259071.950, 113
Trd, 259072.000, 77
Trd, 259072.083, 68
Trd, 259072.350, 66
Trd, 259072.417, 115
Trd, 259072.583, 112
Trd, 259072.650, 102
Trd, 259072.733, 65
Trd, 259073.050, 66
Trd, 259073.183, 61
Trd, 259073.300, 65
Trd, 259073.550, 62
Trd, 259073.933, 66
Trd, 259074.167, 67
Trd, 259075.750, 140
Trd, 259075.900, 140
Trd, 259076.017, 140
Trd, 259076.417, 139
Trd, 259076.667, 140
Trd, 259077.000, 139
Trd, 259077.067, 138
Trd, 259077.100, 137
Trd, 259077.150, 122
Trd, 259077.350, 104
Trd, 259077.467, 105
Trd, 259077.633, 136
Trd, 259077.783, 100
Trd, 259078.000, 97
Trd, 259078.217, 102
Trd, 259078.317, 96
Trd, 259078.533, 134
Trd, 259078.917, 133
Trd, 259079.267, 127
Trd, 259079.533, 127
Trd, 259079.550, 126
Trd, 259079.733, 131
Trd, 259079.767, 132
Trd, 259080.000, 130
Trd, 259080.117, 118
Trd, 259080.217, 117
Trd, 259080.967, 136
Trd, 259081.300, 122
Trd, 259081.517, 121
Trd, 259081.617, 139
Trd, 259081.767, 95
Trd, 259082.033, 136
Trd, 259082.150, 140
Trd, 259082.233, 95
Trd, 259082.300, 95
Trd, 259082.483, 94
Trd, 259083.267, 140
Trd, 259084.533, 140
Trd, 259084.617, 140
Trd, 259084.700, 140
Trd, 259084.717, 136
Trd, 259085.567, 136
Trd, 259086.150, 127
Trd, 259086.483, 126
Trd, 259086.583, 124
Trd, 259086.867, 115
Trd, 259087.033, 126
Trd, 259087.183, 126
Trd, 259087.200, 119
Trd, 259087.233, 115
Trd, 259087.717, 114
Trd, 259087.917, 120
Trd, 259088.017, 126
Trd, 259088.050, 112
Trd, 259088.233, 114
Trd, 259088.333, 115
Trd, 259088.533, 133
Trd, 259089.150, 139
Trd, 259089.400, 139
Trd, 259089.683, 136
Trd, 259090.100, 137
Trd, 259090.133, 137
Trd, 259090.333, 133
Trd, 259090.350, 122
Trd, 259090.433, 136
Trd, 259090.550, 120
Trd, 259090.783, 113
Trd, 259090.900, 112
Trd, 259091.050, 136
Trd, 259091.467, 138
Trd, 259091.917, 139
Trd, 259092.100, 117
Trd, 259092.467, 100
Trd, 259092.700, 100
Trd, 259092.767, 106
Trd, 259092.967, 132
Trd, 259093.150, 130
Trd, 259093.217, 99
Trd, 259093.583, 122
Trd, 259094.083, 138
Trd, 259094.233, 138
Trd, 259094.350, 139
Trd, 259094.417, 138
Trd, 259094.867, 137
Trd, 259095.017, 123
Trd, 259095.217, 125
Trd, 259095.483, 114
Trd, 259096.083, 98
Trd, 259096.317, 113
Trd, 259096.567, 92
Trd, 259096.633, 111
Trd, 259096.933, 85
Trd, 259097.133, 85
Trd, 259097.250, 79
Trd, 259097.283, 74
Trd, 259097.333, 112
Trd, 259097.750, 71
Trd, 259097.850, 84
Trd, 259098.150, 85
Trd, 259098.250, 120
Trd, 259098.417, 95
Trd, 259098.583, 85
Trd, 259098.650, 71
Trd, 259099.067, 139
Trd, 259099.283, 139
Trd, 259099.683, 139
Trd, 259099.783, 137
Trd, 259099.983, 137
Trd, 259100.367, 140
Trd, 259100.800, 140
Trd, 259100.917, 133
Trd, 259101.317, 133
Trd, 259101.617, 130
Trd, 259101.750, 128
Trd, 259102.033, 123
Trd, 259102.150, 122
Trd, 259102.200, 128
Trd, 259102.383, 131
Trd, 259102.467, 117
Trd, 259102.767, 119
Trd, 259102.817, 132
Trd, 259103.167, 117
Trd, 259103.483, 112
Trd, 259104.133, 104
Trd, 259104.367, 119
Trd, 259104.433, 122
Trd, 259104.500, 114
Trd, 259104.850, 134
Trd, 259105.300, 117
Trd, 259105.583, 110
Trd, 259105.917, 110
Trd, 259106.600, 140
Trd, 259106.617, 138
Trd, 259106.683, 138
Trd, 259106.933, 137
Trd, 259107.317, 139
Trd, 259107.500, 137
Trd, 259107.517, 124
Trd, 259107.667, 132
Trd, 259107.933, 96
Trd, 259108.300, 115
Trd, 259108.467, 103
Trd, 259109.050, 99
Trd, 259109.100, 118
Trd, 259109.183, 119
Trd, 259109.317, 116
Trd, 259110.200, 82
Trd, 259110.433, 81
Trd, 259110.483, 89
Trd, 259110.550, 76
Trd, 259110.567, 75
Trd, 259110.667, 90
Trd, 259110.683, 92
Trd, 259110.733, 111
Trd, 259110.800, 112
Trd, 259110.817, 67
Trd, 259110.833, 119
Trd, 259111.017, 140
Trd, 259111.883, 134
Trd, 259112.183, 133
Trd, 259112.283, 114
Trd, 259112.433, 137
Trd, 259112.517, 113
Trd, 259112.633, 97
Trd, 259113.150, 104
Trd, 259113.217, 121
Trd, 259113.417, 90
Trd, 259113.483, 63
Trd, 259114.533, 109
Trd, 259114.550, 113
Trd, 259114.617, 114
Trd, 259114.733, 107
Trd, 259114.783, 120
Trd, 259115.267, 115
Trd, 259115.317, 116
Trd, 259115.350, 120
Trd, 259115.783, 115
Trd, 259116.150, 140
Trd, 259116.350, 122
Trd, 259116.400, 114
Trd, 259116.633, 113
Trd, 259116.733, 116
Trd, 259117.167, 136
Trd, 259117.183, 118
Trd, 259117.233, 125
Trd, 259117.267, 117
Trd, 259117.417, 116
Trd, 259117.950, 122
Trd, 259118.383, 140
Trd, 259118.483, 140
Trd, 259118.550, 140
Trd, 259118.650, 140
Trd, 259119.500, 132
Trd, 259119.833, 128
Trd, 259119.917, 129
Trd, 259119.933, 122
Trd, 259120.017, 121
Trd, 259120.050, 130
Trd, 259120.133, 119
Trd, 259120.250, 130
Trd, 259120.483, 117
Trd, 259120.617, 132
Trd, 259120.917, 111
Trd, 259121.617, 108
Trd, 259121.767, 106
Trd, 259121.933, 107
Trd, 259122.400, 109
Trd, 259122.450, 110
Trd, 259122.717, 111
Trd, 259123.183, 109
Trd, 259123.217, 108
Trd, 259123.583, 111
Trd, 259123.883, 109
Trd, 259124.017, 138
Trd, 259124.050, 117
Trd, 259124.183, 97
Trd, 259125.200, 140
Trd, 259125.400, 140
Trd, 259125.600, 140
Trd, 259126.267, 140
Trd, 259126.300, 140
Trd, 259126.433, 140
Trd, 259126.550, 140
Trd, 259126.700, 123
Trd, 259127.367, 139
Trd, 259127.700, 140
Trd, 259127.717, 138
Trd, 259127.933, 138
Trd, 259128.017, 138
Trd, 259128.067, 137
Trd, 259128.183, 139
Trd, 259129.167, 140
Trd, 259129.250, 139
Trd, 259129.383, 139
Trd, 259129.700, 139
Trd, 259129.717, 132
Trd, 259129.733, 119
Trd, 259129.983, 117
Trd, 259130.217, 120
Trd, 259130.233, 116
Trd, 259130.467, 116
Trd, 259130.983, 140
Trd, 259131.300, 139
Trd, 259131.533, 138
Trd, 259131.550, 139
Trd, 259131.617, 137
Trd, 259131.733, 114
Trd, 259131.950, 127
Trd, 259132.050, 127
Trd, 259132.400, 126
Trd, 259132.517, 128
Trd, 259132.533, 124
Trd, 259132.733, 138
Trd, 259133.267, 136
Trd, 259133.417, 134
Trd, 259133.450, 119
Trd, 259133.533, 101
Trd, 259133.550, 94
Trd, 259133.917, 80
Trd, 259134.050, 76
Trd, 259134.133, 67
Trd, 259134.200, 63
Trd, 259134.367, 60
Trd, 259134.517, 60
Trd, 259134.833, 61
Trd, 259134.933, 64
Trd, 259135.067, 131
Trd, 259135.617, 139
Trd, 259135.633, 131
Trd, 259136.100, 136
Trd, 259136.283, 124
Trd, 259136.317, 140
Trd, 259136.800, 139
Trd, 259137.083, 124
Trd, 259137.533, 126
Trd, 259138.167, 124
Trd, 259138.433, 140
Trd, 259138.483, 137
Trd, 259139.800, 140
Trd, 259140.200, 140
Trd, 259140.617, 140
Trd, 259140.633, 140
Trd, 259140.833, 140
Trd, 259141.033, 140
Trd, 259141.550, 140
Trd, 259141.617, 139
Trd, 259141.767, 138
Trd, 259141.917, 139
Trd, 259142.333, 138
Trd, 259142.367, 133
Trd, 259142.400, 128
Trd, 259142.433, 123
Trd, 259142.500, 119
Trd, 259143.200, 117
Trd, 259143.317, 115
Trd, 259143.500, 117
Trd, 259143.550, 114
Trd, 259143.733, 118
Trd, 259143.817, 114
Trd, 259143.883, 137
Trd, 259144.083, 87
Trd, 259144.367, 95
Trd, 259144.750, 89
Trd, 259145.150, 120
Trd, 259145.250, 88
Trd, 259145.283, 91
Trd, 259145.367, 81
Trd, 259145.433, 76
Trd, 259146.167, 140
Trd, 259146.583, 140
Trd, 259147.117, 139
Trd, 259147.667, 140
Trd, 259147.933, 140
Trd, 259148.183, 139
Trd, 259148.817, 139
Trd, 259148.883, 139
Trd, 259149.017, 138
Trd, 259149.050, 126
Trd, 259149.367, 137
Trd, 259149.617, 116
Trd, 259149.717, 112
Trd, 259149.733, 109
Trd, 259150.117, 104
Trd, 259150.167, 104
Trd, 259150.317, 133
Trd, 259150.600, 133
Trd, 259150.783, 132
Trd, 259151.067, 133
Trd, 259151.217, 129
Trd, 259151.233, 127
Trd, 259151.617, 131
Trd, 259151.833, 133
Trd, 259151.850, 101
Trd, 259152.067, 91
Trd, 259152.200, 135
Trd, 259152.267, 88
Trd, 259152.300, 75
Trd, 259152.950, 132
Trd, 259153.617, 140
Trd, 259154.100, 122
Trd, 259154.217, 119
Trd, 259154.417, 117
Trd, 259154.700, 134
Trd, 259155.067, 135
Trd, 259155.183, 134
Trd, 259155.267, 133
Trd, 259155.400, 133
Trd, 259155.483, 131
Trd, 259155.550, 120
Trd, 259155.783, 130
Trd, 259155.800, 131
Trd, 259155.850, 132
Trd, 259155.867, 133
Trd, 259156.100, 132
Trd, 259156.500, 134
Trd, 259156.583, 117
Trd, 259157.017, 119
Trd, 259157.217, 117
Trd, 259157.483, 117
Trd, 259157.600, 119
Trd, 259157.683, 105
Trd, 259157.817, 140
Trd, 259157.833, 122
Trd, 259158.733, 113
Trd, 259158.817, 112
Trd, 259159.067, 137
Trd, 259159.333, 112
Trd, 259159.450, 135
Trd, 259159.667, 112
Trd, 259159.867, 135
Trd, 259159.933, 118
Trd, 259160.100, 111
Trd, 259160.183, 106
Trd, 259160.617, 104
Trd, 259160.750, 130
Trd, 259161.033, 116
Trd, 259161.083, 132
Trd, 259161.283, 115
Trd, 259161.350, 99
Trd, 259161.367, 80
Trd, 259161.483, 88
Trd, 259161.617, 71
Trd, 259161.717, 132
Trd, 259162.683, 90
Trd, 259162.833, 124
Trd, 259163.150, 60
Trd, 259163.200, 62
Trd, 259163.383, 60
Trd, 259163.533, 88
Trd, 259163.767, 133
Trd, 259163.783, 85
Trd, 259164.150, 75
Trd, 259164.333, 75
Trd, 259164.433, 123
Trd, 259164.817, 140
Trd, 259165.017, 140
Trd, 259165.083, 140
Trd, 259165.317, 72
Trd, 259165.583, 98
Trd, 259165.750, 86
Trd, 259165.850, 111
Trd, 259166.233, 111
Trd, 259166.367, 112
Trd, 259166.467, 98
Trd, 259166.783, 139
Trd, 259166.917, 138
Trd, 259167.433, 128
Trd, 259167.900, 127
Trd, 259167.917, 137
Trd, 259168.717, 131
Trd, 259169.000, 138
Trd, 259169.133, 133
Trd, 259169.300, 132
Trd, 259169.483, 132
Trd, 259169.567, 132
Trd, 259169.583, 133
Trd, 259169.633, 134
Trd, 259169.667, 130
Trd, 259169.800, 119
Trd, 259169.833, 113
Trd, 259169.983, 107
Trd, 259170.567, 107
Trd, 259170.717, 102
Trd, 259170.900, 116
Trd, 259171.117, 116
Trd, 259171.200, 98
Trd, 259171.467, 101
Trd, 259171.500, 87
Trd, 259171.600, 85
Trd, 259171.617, 109
Trd, 259172.267, 116
Trd, 259172.817, 115
Trd, 259173.083, 104
Trd, 259173.200, 104
Trd, 259173.283, 103
Trd, 259173.717, 82
Trd, 259174.117, 99
Trd, 259174.167, 112
Trd, 259174.267, 98
Trd, 259174.483, 113
Trd, 259174.550, 105
Trd, 259174.683, 139
Trd, 259174.833, 115
Trd, 259175.000, 114
Trd, 259175.433, 111
Trd, 259175.950, 140
Trd, 259176.200, 140
Trd, 259176.350, 140
Trd, 259176.483, 138
Trd, 259176.500, 122
Trd, 259177.400, 133
Trd, 259177.617, 128
Trd, 259177.667, 127
Trd, 259178.183, 133
Trd, 259179.183, 140
Trd, 259179.583, 138
Trd, 259179.683, 137
Trd, 259179.933, 138
Trd, 259179.983, 138
Trd, 259180.033, 124
Trd, 259180.083, 123
Trd, 259180.167, 119
Trd, 259180.317, 121
Trd, 259180.783, 132
Trd, 259181.000, 130
Trd, 259181.017, 131
Trd, 259181.050, 129
Trd, 259181.350, 121
Trd, 259181.500, 107
Trd, 259181.817, 103
Trd, 259181.883, 100
Trd, 259182.033, 126
Trd, 259182.933, 122
Trd, 259183.350, 116
Trd, 259183.400, 119
Trd, 259183.617, 126
Trd, 259183.650, 109
Trd, 259183.667, 127
Trd, 259183.833, 129
Trd, 259183.967, 107
Trd, 259184.633, 136
Trd, 259184.800, 101
Trd, 259185.683, 140
Trd, 259185.717, 140
Trd, 259185.767, 137
Trd, 259185.850, 123
Trd, 259186.133, 131
Trd, 259186.300, 123
Trd, 259186.667, 126
Trd, 259186.867, 137
Trd, 259187.183, 127
Trd, 259187.433, 138
Trd, 259187.750, 137
Trd, 259187.767, 129
Trd, 259187.833, 128
Trd, 259188.083, 136
Trd, 259188.117, 127
Trd, 259188.233, 125
Trd, 259188.283, 137
Trd, 259188.383, 137
Trd, 259188.517, 113
Trd, 259188.700, 137
Trd, 259188.817, 111
Trd, 259189.267, 128
Trd, 259189.333, 127
Trd, 259189.833, 127
Trd, 259190.183, 129
Trd, 259190.617, 117
Trd, 259190.700, 103
Trd, 259190.833, 129
Trd, 259190.933, 129
Trd, 259191.083, 105
Trd, 259191.500, 130
Trd, 259191.517, 100
Trd, 259192.117, 90
Trd, 259192.800, 129
Trd, 259192.817, 117
Trd, 259192.850, 130
Trd, 259193.017, 139
Trd, 259193.083, 138
Trd, 259193.167, 138
Trd, 259193.300, 105
Trd, 259193.367, 104
Trd, 259193.483, 90
Trd, 259193.783, 102
Trd, 259193.850, 140
Trd, 259194.567, 125
Trd, 259194.617, 126
Trd, 259194.650, 103
Trd, 259194.767, 112
Trd, 259194.917, 114
Trd, 259195.217, 135
Trd, 259195.250, 106
Trd, 259195.483, 106
Trd, 259196.067, 104
Trd, 259196.200, 117
Trd, 259196.983, 140
Trd, 259197.400, 116
Trd, 259197.617, 124
Trd, 259197.717, 104
Trd, 259198.417, 118
Trd, 259198.983, 118
Trd, 259199.200, 117
Trd, 259199.667, 117
Trd, 259199.750, 125
Trd, 259199.867, 117
