Trd, 863326.384, 99
Trd, 863326.518, 105
Trd, 863327.151, 103
Trd, 863327.201, 102
Trd, 863327.218, 94
Trd, 863328.618, 100
Trd, 863328.834, 98
Trd, 863328.918, 101
Trd, 863329.318, 98
Trd, 863329.818, 99
Trd, 863329.918, 98
Trd, 863330.051, 97
Trd, 863330.718, 100
Trd, 863330.834, 95
Trd, 863330.951, 93
Trd, 863331.068, 100
Trd, 863331.651, 101
Trd, 863332.334, 97
Trd, 863332.584, 100
Trd, 863332.734, 101
Trd, 863332.768, 103
Trd, 863333.401, 99
Trd, 863333.734, 104
Trd, 863334.251, 104
Trd, 863334.651, 101
Trd, 863334.668, 106
Trd, 863335.134, 102
Trd, 863335.934, 104
Trd, 863336.401, 101
Trd, 863336.534, 103
Trd, 863337.418, 101
Trd, 863337.584, 104
Trd, 863337.984, 100
Trd, 863338.134, 99
Trd, 863338.168, 98
Trd, 863338.501, 90
Trd, 863340.068, 95
Trd, 863340.184, 97
Trd, 863340.668, 95
Trd, 863340.968, 96
Trd, 863341.601, 98
Trd, 863341.734, 101
Trd, 863341.801, 97
Trd, 863341.868, 109
Trd, 863342.318, 117
Trd, 863342.418, 117
Trd, 863342.818, 100
Trd, 863343.201, 99
Trd, 863343.368, 100
Trd, 863343.568, 106
Trd, 863343.734, 98
Trd, 863343.851, 93
Trd, 863344.118, 109
Trd, 863344.334, 111
Trd, 863344.734, 98
Trd, 863344.934, 96
Trd, 863345.568, 94
Trd, 863345.584, 102
Trd, 863346.418, 100
Trd, 863346.618, 99
Trd, 863346.684, 100
Trd, 863347.768, 100
Trd, 863348.268, 105
Trd, 863348.901, 104
Trd, 863349.051, 104
Trd, 863349.201, 103
Trd, 863349.951, 103
Trd, 863350.118, 103
Trd, 863350.418, 103
Trd, 863350.684, 101
Trd, 863350.818, 98
Trd, 863350.918, 104
Trd, 863351.001, 103
Trd, 863351.751, 104
Trd, 863351.884, 106
Trd, 863351.968, 99
Trd, 863352.251, 107
Trd, 863352.984, 107
Trd, 863353.018, 109
Trd, 863353.801, 110
Trd, 863354.201, 109
Trd, 863354.434, 105
Trd, 863355.168, 105
Trd, 863355.368, 107
Trd, 863355.518, 107
Trd, 863355.834, 107
Trd, 863355.901, 108
Trd, 863356.051, 106
Trd, 863356.601, 105
Trd, 863357.151, 111
Trd, 863358.118, 107
Trd, 863358.301, 109
Trd, 863358.484, 102
Trd, 863359.651, 107
Trd, 863359.851, 109
Trd, 863359.968, 106
Trd, 863360.184, 104
Trd, 863360.851, 105
Trd, 863361.301, 100
Trd, 863361.384, 104
Trd, 863361.834, 104
Trd, 863362.101, 105
Trd, 863362.268, 99
Trd, 863362.418, 100
Trd, 863362.968, 104
Trd, 863363.034, 104
Trd, 863363.201, 104
Trd, 863363.568, 101
Trd, 863363.984, 95
Trd, 863364.401, 98
Trd, 863364.934, 100
Trd, 863365.034, 96
Trd, 863365.418, 96
Trd, 863365.468, 102
Trd, 863365.718, 104
Trd, 863366.068, 107
Trd, 863366.518, 98
Trd, 863367.418, 107
Trd, 863367.534, 98
Trd, 863367.801, 106
Trd, 863368.084, 101
Trd, 863368.518, 99
Trd, 863368.984, 108
Trd, 863369.434, 103
Trd, 863369.818, 106
Trd, 863369.884, 102
Trd, 863369.918, 109
Trd, 863370.818, 118
Trd, 863371.151, 105
Trd, 863371.318, 105
Trd, 863371.618, 104
Trd, 863372.668, 111
Trd, 863373.218, 111
Trd, 863373.518, 110
Trd, 863374.201, 109
Trd, 863374.268, 101
Trd, 863374.718, 94
Trd, 863374.984, 88
Trd, 863375.251, 88
Trd, 863375.334, 87
Trd, 863375.518, 85
Trd, 863375.868, 94
Trd, 863375.901, 92
Trd, 863376.151, 91
Trd, 863376.284, 103
Trd, 863377.051, 102
Trd, 863377.984, 97
Trd, 863378.268, 99
Trd, 863378.351, 100
Trd, 863378.884, 101
Trd, 863379.184, 106
Trd, 863379.518, 103
Trd, 863379.551, 104
Trd, 863379.934, 104
Trd, 863380.101, 103
Trd, 863380.234, 103
Trd, 863380.318, 104
Trd, 863380.684, 101
Trd, 863381.068, 102
Trd, 863381.201, 106
Trd, 863381.434, 99
Trd, 863381.651, 98
Trd, 863382.651, 109
Trd, 863382.701, 116
Trd, 863382.751, 101
Trd, 863382.951, 119
Trd, 863382.984, 100
Trd, 863384.301, 97
Trd, 863384.501, 97
Trd, 863384.734, 108
Trd, 863384.818, 95
Trd, 863385.068, 115
Trd, 863386.468, 109
Trd, 863387.118, 108
Trd, 863387.318, 107
Trd, 863387.868, 106
Trd, 863388.051, 108
Trd, 863388.168, 109
Trd, 863388.268, 104
Trd, 863388.784, 105
Trd, 863389.101, 104
Trd, 863389.334, 106
Trd, 863389.468, 104
Trd, 863389.618, 104
Trd, 863389.701, 102
Trd, 863389.968, 106
Trd, 863390.801, 107
Trd, 863391.201, 106
Trd, 863391.301, 104
Trd, 863391.584, 111
Trd, 863392.034, 104
Trd, 863392.701, 109
Trd, 863393.084, 104
Trd, 863393.301, 101
Trd, 863393.418, 106
Trd, 863393.634, 106
Trd, 863393.934, 98
Trd, 863394.051, 106
Trd, 863394.284, 95
Trd, 863394.318, 106
Trd, 863396.351, 98
Trd, 863396.384, 101
Trd, 863396.584, 102
Trd, 863396.768, 99
Trd, 863396.884, 99
Trd, 863397.518, 103
Trd, 863397.584, 104
Trd, 863397.884, 103
Trd, 863398.684, 102
Trd, 863398.734, 101
Trd, 863398.851, 102
Trd, 863398.968, 103
Trd, 863399.851, 105
Trd, 863399.901, 109
Trd, 863400.051, 101
Trd, 863400.818, 115
Trd, 863400.868, 109
Trd, 863401.118, 98
Trd, 863401.318, 112
Trd, 863401.668, 95
Trd, 863401.868, 112
Trd, 863402.468, 95
Trd, 863402.868, 95
Trd, 863403.384, 95
Trd, 863404.234, 93
Trd, 863404.601, 94
Trd, 863404.718, 101
Trd, 863405.201, 101
Trd, 863405.251, 101
Trd, 863405.568, 102
Trd, 863405.668, 101
Trd, 863406.184, 105
Trd, 863406.834, 103
Trd, 863407.068, 102
Trd, 863407.184, 103
Trd, 863407.251, 105
Trd, 863407.701, 106
Trd, 863408.001, 101
Trd, 863408.118, 104
Trd, 863408.418, 100
Trd, 863408.868, 100
Trd, 863409.018, 106
Trd, 863409.134, 109
Trd, 863409.218, 99
Trd, 863410.251, 113
Trd, 863410.451, 115
Trd, 863412.201, 111
Trd, 863412.434, 110
Trd, 863413.084, 109
Trd, 863413.318, 109
Trd, 863413.368, 108
Trd, 863413.551, 105
Trd, 863413.651, 104
Trd, 863413.734, 109
Trd, 863413.984, 101
Trd, 863414.634, 105
Trd, 863415.051, 106
Trd, 863415.084, 107
Trd, 863415.251, 103
Trd, 863415.918, 106
Trd, 863416.151, 106
Trd, 863416.184, 107
Trd, 863416.434, 105
Trd, 863417.151, 105
Trd, 863417.751, 104
Trd, 863418.218, 104
Trd, 863418.568, 106
Trd, 863418.784, 105
Trd, 863418.818, 101
Trd, 863419.184, 98
Trd, 863419.484, 106
Trd, 863419.918, 109
Trd, 863420.234, 115
Trd, 863421.901, 117
Trd, 863421.951, 118
Trd, 863422.034, 102
Trd, 863422.384, 104
Trd, 863422.734, 104
Trd, 863422.751, 105
Trd, 863423.168, 106
Trd, 863423.284, 105
Trd, 863423.584, 103
Trd, 863423.834, 98
Trd, 863423.851, 104
Trd, 863423.901, 108
Trd, 863423.984, 96
Trd, 863424.851, 96
Trd, 863425.434, 111
Trd, 863425.468, 112
Trd, 863425.534, 89
Trd, 863426.018, 109
Trd, 863426.051, 108
Trd, 863426.268, 108
Trd, 863427.751, 108
Trd, 863427.901, 98
Trd, 863427.918, 97
Trd, 863428.651, 95
Trd, 863428.718, 102
Trd, 863430.168, 98
Trd, 863430.468, 100
Trd, 863430.484, 101
Trd, 863430.901, 106
Trd, 863431.384, 101
Trd, 863431.751, 102
Trd, 863431.851, 106
Trd, 863432.318, 104
Trd, 863432.968, 108
Trd, 863433.068, 108
Trd, 863433.184, 109
Trd, 863433.201, 108
Trd, 863433.501, 108
Trd, 863434.401, 101
Trd, 863434.518, 111
Trd, 863434.701, 98
Trd, 863435.101, 112
Trd, 863436.118, 112
Trd, 863436.684, 111
Trd, 863436.884, 111
Trd, 863436.918, 116
Trd, 863437.301, 111
Trd, 863437.318, 116
Trd, 863437.584, 111
Trd, 863437.918, 104
Trd, 863438.534, 106
Trd, 863439.201, 108
Trd, 863439.818, 109
Trd, 863441.001, 103
Trd, 863441.151, 104
Trd, 863441.218, 104
Trd, 863441.368, 105
Trd, 863441.851, 103
Trd, 863442.368, 101
Trd, 863442.568, 105
Trd, 863442.651, 98
Trd, 863443.001, 103
Trd, 863443.068, 96
Trd, 863443.284, 95
Trd, 863443.518, 105
Trd, 863443.601, 106
Trd, 863444.401, 92
Trd, 863444.551, 91
Trd, 863444.651, 91
Trd, 863444.718, 91
Trd, 863444.768, 94
Trd, 863445.484, 104
Trd, 863445.818, 108
Trd, 863446.234, 116
Trd, 863446.851, 99
Trd, 863447.068, 99
Trd, 863447.251, 98
Trd, 863447.884, 104
Trd, 863448.118, 100
Trd, 863448.918, 104
Trd, 863449.318, 98
Trd, 863449.334, 104
Trd, 863450.601, 101
Trd, 863450.618, 99
Trd, 863451.168, 102
Trd, 863451.201, 103
Trd, 863451.684, 105
Trd, 863452.051, 107
Trd, 863452.651, 108
Trd, 863452.884, 109
Trd, 863452.918, 112
Trd, 863452.934, 108
Trd, 863453.518, 106
Trd, 863454.134, 117
Trd, 863454.384, 112
Trd, 863454.534, 109
Trd, 863454.784, 104
Trd, 863455.334, 99
Trd, 863456.151, 110
Trd, 863456.251, 110
Trd, 863456.868, 108
Trd, 863457.401, 110
Trd, 863458.218, 106
Trd, 863458.268, 116
Trd, 863458.301, 114
Trd, 863458.568, 106
Trd, 863458.768, 102
Trd, 863459.118, 101
Trd, 863460.068, 109
Trd, 863460.384, 109
Trd, 863460.534, 101
Trd, 863461.134, 102
Trd, 863461.234, 112
Trd, 863461.551, 113
Trd, 863461.801, 111
Trd, 863461.834, 113
Trd, 863462.001, 114
Trd, 863462.201, 114
Trd, 863462.234, 112
Trd, 863462.551, 106
Trd, 863463.384, 106
Trd, 863464.034, 106
Trd, 863464.284, 107
Trd, 863464.384, 108
Trd, 863465.201, 105
Trd, 863465.418, 102
Trd, 863465.434, 106
Trd, 863466.151, 105
Trd, 863466.501, 105
Trd, 863466.784, 105
Trd, 863467.301, 109
Trd, 863467.534, 108
Trd, 863467.801, 103
Trd, 863467.818, 108
Trd, 863467.834, 102
Trd, 863469.118, 100
Trd, 863470.018, 102
Trd, 863470.151, 96
Trd, 863470.201, 95
Trd, 863470.418, 94
Trd, 863471.434, 102
Trd, 863472.234, 100
Trd, 863472.518, 100
Trd, 863472.634, 99
Trd, 863472.734, 99
Trd, 863473.301, 100
Trd, 863473.584, 101
Trd, 863473.601, 102
Trd, 863473.718, 105
Trd, 863474.001, 106
Trd, 863474.051, 99
Trd, 863474.668, 114
Trd, 863474.768, 101
Trd, 863475.068, 100
Trd, 863475.101, 99
Trd, 863475.468, 116
Trd, 863476.318, 109
Trd, 863476.384, 106
Trd, 863477.601, 105
Trd, 863478.201, 107
Trd, 863478.284, 105
Trd, 863478.584, 105
Trd, 863479.184, 104
Trd, 863479.201, 105
Trd, 863479.268, 106
Trd, 863479.401, 105
Trd, 863479.818, 101
Trd, 863480.251, 98
Trd, 863480.351, 101
Trd, 863480.934, 95
Trd, 863481.018, 102
Trd, 863481.451, 100
Trd, 863482.251, 101
Trd, 863482.434, 109
Trd, 863482.484, 101
Trd, 863483.018, 112
Trd, 863483.401, 106
Trd, 863483.501, 112
Trd, 863483.718, 105
Trd, 863484.268, 104
Trd, 863484.684, 106
Trd, 863484.751, 102
Trd, 863484.884, 101
Trd, 863485.801, 110
Trd, 863485.968, 109
Trd, 863486.401, 108
Trd, 863486.618, 107
Trd, 863487.018, 105
Trd, 863487.251, 106
Trd, 863487.301, 105
Trd, 863487.884, 115
Trd, 863488.601, 109
Trd, 863488.718, 106
Trd, 863488.834, 105
Trd, 863488.901, 108
Trd, 863489.651, 104
Trd, 863490.618, 102
Trd, 863490.801, 101
Trd, 863491.784, 99
Trd, 863491.951, 96
Trd, 863492.034, 95
Trd, 863492.601, 101
Trd, 863492.768, 102
Trd, 863493.151, 94
Trd, 863493.568, 107
Trd, 863493.634, 108
Trd, 863493.784, 93
Trd, 863493.851, 109
Trd, 863494.518, 105
Trd, 863494.751, 107
Trd, 863494.768, 105
Trd, 863494.834, 104
Trd, 863495.384, 113
Trd, 863496.001, 112
Trd, 863496.151, 111
Trd, 863496.384, 110
Trd, 863496.651, 109
Trd, 863496.701, 102
Trd, 863497.401, 101
Trd, 863497.534, 109
Trd, 863498.651, 111
Trd, 863498.834, 112
Trd, 863499.051, 107
Trd, 863499.601, 113
Trd, 863500.051, 106
Trd, 863500.334, 99
Trd, 863500.568, 98
Trd, 863500.901, 112
Trd, 863501.251, 95
Trd, 863501.918, 111
Trd, 863502.868, 107
Trd, 863503.118, 107
Trd, 863503.334, 109
Trd, 863503.534, 107
Trd, 863503.684, 106
Trd, 863503.768, 109
Trd, 863503.834, 104
Trd, 863503.851, 103
Trd, 863504.451, 104
Trd, 863504.784, 110
Trd, 863505.084, 107
Trd, 863505.768, 108
Trd, 863506.418, 113
Trd, 863506.684, 113
Trd, 863506.818, 112
Trd, 863507.234, 111
Trd, 863507.251, 112
Trd, 863507.351, 109
Trd, 863508.201, 111
Trd, 863508.601, 108
Trd, 863508.751, 104
Trd, 863509.034, 111
Trd, 863509.201, 104
Trd, 863509.551, 112
Trd, 863511.018, 116
Trd, 863511.068, 118
Trd, 863511.118, 109
Trd, 863511.934, 106
Trd, 863512.651, 112
Trd, 863513.051, 112
Trd, 863513.168, 110
Trd, 863513.301, 109
Trd, 863513.534, 106
Trd, 863513.901, 105
Trd, 863514.251, 109
Trd, 863514.268, 110
Trd, 863514.284, 99
Trd, 863515.101, 108
Trd, 863515.384, 99
Trd, 863515.734, 108
Trd, 863516.601, 98
Trd, 863517.034, 98
Trd, 863517.334, 101
Trd, 863517.601, 102
Trd, 863517.634, 99
Trd, 863517.868, 103
Trd, 863518.751, 103
Trd, 863518.901, 102
Trd, 863519.201, 98
Trd, 863519.501, 102
Trd, 863519.618, 97
Trd, 863519.701, 103
Trd, 863519.951, 96
Trd, 863520.301, 94
Trd, 863520.584, 94
Trd, 863520.968, 106
Trd, 863521.068, 109
Trd, 863521.318, 93
Trd, 863522.101, 116
Trd, 863522.251, 111
Trd, 863522.518, 118
Trd, 863523.368, 114
Trd, 863523.584, 114
Trd, 863523.701, 114
Trd, 863524.018, 114
Trd, 863524.251, 111
Trd, 863525.368, 111
Trd, 863525.784, 113
Trd, 863525.868, 113
Trd, 863526.001, 113
Trd, 863526.734, 112
Trd, 863526.851, 109
Trd, 863527.251, 106
Trd, 863527.334, 111
Trd, 863527.634, 104
Trd, 863527.984, 96
Trd, 863528.118, 110
Trd, 863528.134, 96
Trd, 863528.634, 112
Trd, 863528.918, 111
Trd, 863530.718, 103
Trd, 863531.368, 102
Trd, 863531.534, 103
Trd, 863531.568, 101
Trd, 863531.834, 104
Trd, 863531.934, 98
Trd, 863532.218, 95
Trd, 863532.401, 104
Trd, 863533.184, 91
Trd, 863533.368, 93
Trd, 863533.668, 92
Trd, 863533.918, 100
Trd, 863534.168, 99
Trd, 863534.718, 99
Trd, 863534.918, 104
Trd, 863535.234, 94
Trd, 863535.634, 99
Trd, 863536.068, 102
Trd, 863536.151, 100
Trd, 863536.618, 100
Trd, 863536.668, 102
Trd, 863536.751, 99
Trd, 863537.118, 103
Trd, 863537.268, 104
Trd, 863537.484, 106
Trd, 863537.984, 96
Trd, 863538.234, 96
Trd, 863539.134, 98
Trd, 863539.501, 105
Trd, 863539.768, 97
Trd, 863540.284, 104
Trd, 863540.334, 95
Trd, 863540.418, 94
Trd, 863540.918, 105
Trd, 863541.684, 106
Trd, 863541.801, 109
Trd, 863541.834, 96
Trd, 863541.884, 96
Trd, 863541.918, 117
Trd, 863542.218, 119
Trd, 863542.518, 113
Trd, 863543.068, 112
Trd, 863543.984, 110
Trd, 863544.718, 107
Trd, 863545.018, 107
Trd, 863545.168, 107
Trd, 863545.401, 106
Trd, 863545.468, 104
Trd, 863546.501, 107
Trd, 863547.051, 108
Trd, 863547.084, 105
Trd, 863548.084, 106
Trd, 863548.201, 107
Trd, 863548.318, 106
Trd, 863548.451, 106
Trd, 863548.818, 107
Trd, 863548.968, 106
Trd, 863549.301, 104
Trd, 863549.518, 103
Trd, 863549.834, 101
Trd, 863550.251, 102
Trd, 863551.434, 101
Trd, 863551.601, 102
Trd, 863551.701, 102
Trd, 863552.084, 108
Trd, 863552.634, 112
Trd, 863553.368, 110
Trd, 863553.384, 109
Trd, 863553.751, 110
Trd, 863554.134, 104
Trd, 863554.434, 101
Trd, 863554.684, 98
Trd, 863555.651, 105
Trd, 863556.201, 104
Trd, 863556.351, 105
Trd, 863556.451, 107
Trd, 863556.501, 109
Trd, 863556.784, 110
Trd, 863557.034, 110
Trd, 863557.301, 117
Trd, 863557.334, 113
Trd, 863557.634, 112
Trd, 863558.134, 109
Trd, 863558.318, 115
Trd, 863558.968, 106
Trd, 863559.584, 110
Trd, 863559.601, 106
Trd, 863559.901, 109
Trd, 863561.118, 103
Trd, 863561.468, 101
Trd, 863562.101, 99
Trd, 863562.234, 101
Trd, 863562.618, 102
Trd, 863562.634, 106
Trd, 863563.218, 102
Trd, 863563.484, 102
Trd, 863563.584, 98
Trd, 863564.034, 97
Trd, 863564.251, 102
Trd, 863564.434, 95
Trd, 863565.968, 98
Trd, 863566.568, 101
Trd, 863566.684, 101
Trd, 863566.701, 102
Trd, 863566.818, 103
Trd, 863567.184, 103
Trd, 863567.218, 105
Trd, 863567.351, 106
Trd, 863567.434, 104
Trd, 863567.701, 103
Trd, 863567.818, 106
Trd, 863569.468, 107
Trd, 863569.818, 107
Trd, 863570.551, 109
Trd, 863570.601, 108
Trd, 863570.934, 112
Trd, 863571.384, 106
Trd, 863571.468, 105
Trd, 863571.784, 108
Trd, 863572.051, 107
Trd, 863572.234, 108
Trd, 863572.351, 109
Trd, 863572.701, 108
Trd, 863572.768, 106
Trd, 863573.001, 115
Trd, 863573.151, 104
Trd, 863573.584, 112
Trd, 863573.834, 101
Trd, 863574.351, 99
Trd, 863574.501, 112
Trd, 863575.201, 98
Trd, 863575.334, 96
Trd, 863575.718, 96
Trd, 863576.201, 102
Trd, 863576.401, 108
Trd, 863576.868, 112
Trd, 863577.668, 110
Trd, 863577.751, 108
Trd, 863577.968, 108
Trd, 863579.068, 111
Trd, 863579.301, 117
Trd, 863579.384, 109
Trd, 863579.401, 106
Trd, 863579.518, 104
Trd, 863579.618, 102
Trd, 863580.201, 101
Trd, 863581.918, 100
Trd, 863582.618, 101
Trd, 863582.851, 103
Trd, 863583.068, 102
Trd, 863583.218, 102
Trd, 863583.301, 102
Trd, 863583.401, 101
Trd, 863583.468, 100
Trd, 863583.501, 102
Trd, 863583.734, 106
Trd, 863583.768, 111
Trd, 863584.384, 116
Trd, 863584.501, 96
Trd, 863584.801, 96
Trd, 863585.034, 114
Trd, 863585.268, 114
Trd, 863585.951, 102
Trd, 863586.218, 114
Trd, 863586.984, 104
Trd, 863587.234, 105
Trd, 863587.784, 106
Trd, 863588.084, 106
Trd, 863588.151, 109
Trd, 863588.818, 106
Trd, 863589.034, 106
Trd, 863589.134, 109
Trd, 863590.418, 109
Trd, 863590.601, 105
Trd, 863590.651, 104
Trd, 863591.584, 108
Trd, 863591.868, 103
Trd, 863592.134, 108
Trd, 863592.168, 102
Trd, 863593.051, 108
Trd, 863593.084, 116
Trd, 863593.601, 102
Trd, 863593.684, 101
Trd, 863593.884, 111
Trd, 863594.034, 101
Trd, 863594.584, 101
Trd, 863594.834, 110
Trd, 863594.934, 112
Trd, 863595.218, 111
Trd, 863595.301, 109
Trd, 863595.384, 100
Trd, 863596.368, 109
Trd, 863596.701, 108
Trd, 863596.884, 101
Trd, 863597.751, 101
Trd, 863598.334, 105
Trd, 863598.518, 107
Trd, 863598.701, 108
Trd, 863598.784, 101
Trd, 863599.751, 100
Trd, 863599.768, 98
Trd, 863600.284, 106
Trd, 863600.518, 106
Trd, 863600.851, 108
Trd, 863600.868, 109
Trd, 863601.251, 106
Trd, 863601.584, 102
Trd, 863602.301, 104
Trd, 863602.668, 103
Trd, 863602.834, 103
Trd, 863603.418, 104
Trd, 863603.801, 102
Trd, 863603.901, 105
Trd, 863603.934, 101
Trd, 863604.151, 98
Trd, 863604.501, 114
Trd, 863604.701, 115
Trd, 863605.484, 106
Trd, 863605.934, 115
Trd, 863606.684, 103
Trd, 863606.751, 95
Trd, 863606.918, 93
Trd, 863607.434, 91
Trd, 863607.651, 103
Trd, 863608.218, 96
Trd, 863608.884, 94
Trd, 863609.001, 95
Trd, 863609.168, 97
Trd, 863609.368, 95
Trd, 863609.501, 100
Trd, 863609.851, 109
Trd, 863610.001, 110
Trd, 863611.601, 107
Trd, 863611.918, 110
Trd, 863612.218, 114
Trd, 863612.251, 111
Trd, 863612.451, 111
Trd, 863612.534, 110
Trd, 863613.218, 111
Trd, 863613.318, 112
Trd, 863613.718, 109
Trd, 863613.734, 106
Trd, 863614.518, 105
Trd, 863614.651, 104
Trd, 863614.784, 101
Trd, 863614.951, 98
Trd, 863615.668, 97
Trd, 863616.101, 100
Trd, 863616.651, 97
Trd, 863616.918, 100
Trd, 863616.984, 95
Trd, 863617.484, 99
Trd, 863617.501, 94
Trd, 863617.601, 98
Trd, 863617.851, 100
Trd, 863618.084, 105
Trd, 863618.484, 94
Trd, 863619.218, 98
Trd, 863619.401, 99
Trd, 863619.701, 98
Trd, 863619.734, 99
Trd, 863619.934, 106
Trd, 863620.101, 115
Trd, 863620.801, 96
Trd, 863621.051, 92
Trd, 863621.234, 94
Trd, 863621.601, 93
Trd, 863621.651, 95
Trd, 863622.218, 93
Trd, 863623.501, 105
Trd, 863623.834, 105
Trd, 863624.334, 98
Trd, 863624.468, 97
Trd, 863624.851, 107
Trd, 863625.101, 105
Trd, 863625.184, 99
Trd, 863625.334, 105
Trd, 863625.484, 99
Trd, 863625.568, 106
Trd, 863625.934, 100
Trd, 863626.368, 106
Trd, 863627.201, 113
Trd, 863627.751, 104
Trd, 863628.051, 102
Trd, 863628.201, 106
Trd, 863628.701, 101
Trd, 863629.018, 103
Trd, 863629.751, 99
Trd, 863629.818, 98
Trd, 863630.001, 103
Trd, 863630.434, 99
Trd, 863630.801, 108
Trd, 863631.384, 100
Trd, 863632.584, 110
Trd, 863632.734, 104
Trd, 863632.884, 109
Trd, 863633.001, 104
Trd, 863633.868, 106
Trd, 863633.968, 105
Trd, 863634.568, 106
Trd, 863634.618, 107
Trd, 863634.818, 105
Trd, 863635.084, 105
Trd, 863635.101, 104
Trd, 863635.134, 107
Trd, 863635.351, 101
Trd, 863635.384, 98
Trd, 863636.551, 108
Trd, 863637.201, 99
Trd, 863637.534, 105
Trd, 863637.868, 106
Trd, 863638.634, 105
Trd, 863638.968, 102
Trd, 863639.334, 103
Trd, 863639.368, 106
Trd, 863639.684, 103
Trd, 863639.801, 107
Trd, 863639.834, 102
Trd, 863639.934, 102
Trd, 863640.918, 106
Trd, 863641.034, 105
Trd, 863641.051, 109
Trd, 863641.251, 115
Trd, 863642.201, 107
Trd, 863642.351, 110
Trd, 863642.601, 109
Trd, 863642.784, 108
Trd, 863643.501, 106
Trd, 863643.684, 105
Trd, 863643.801, 103
Trd, 863644.351, 108
Trd, 863644.634, 101
Trd, 863645.084, 107
Trd, 863646.118, 102
Trd, 863646.534, 101
Trd, 863646.651, 100
Trd, 863647.151, 99
Trd, 863647.318, 102
Trd, 863648.001, 101
Trd, 863648.068, 100
Trd, 863648.601, 102
Trd, 863648.684, 102
Trd, 863649.351, 103
Trd, 863649.468, 104
Trd, 863649.518, 101
Trd, 863649.584, 97
Trd, 863650.001, 106
Trd, 863650.151, 107
Trd, 863650.534, 97
Trd, 863651.051, 115
Trd, 863651.368, 113
Trd, 863652.684, 111
Trd, 863652.734, 113
Trd, 863652.751, 110
Trd, 863653.518, 109
Trd, 863653.551, 98
Trd, 863653.668, 95
Trd, 863654.034, 109
Trd, 863654.218, 94
Trd, 863655.284, 106
Trd, 863655.651, 109
Trd, 863656.101, 106
Trd, 863656.334, 108
Trd, 863656.468, 107
Trd, 863656.818, 109
Trd, 863657.351, 108
Trd, 863657.551, 106
Trd, 863657.768, 106
Trd, 863658.168, 106
Trd, 863658.201, 95
Trd, 863658.468, 107
Trd, 863658.951, 94
Trd, 863659.468, 107
Trd, 863660.734, 105
Trd, 863660.868, 106
Trd, 863661.201, 105
Trd, 863661.318, 105
Trd, 863661.418, 105
Trd, 863661.801, 95
Trd, 863662.351, 105
Trd, 863663.201, 106
Trd, 863663.501, 104
Trd, 863663.518, 100
Trd, 863663.984, 104
Trd, 863664.384, 101
Trd, 863664.601, 98
Trd, 863664.851, 104
Trd, 863665.118, 105
Trd, 863665.901, 109
Trd, 863666.268, 115
Trd, 863666.501, 108
Trd, 863667.201, 112
Trd, 863667.534, 112
Trd, 863667.668, 111
Trd, 863667.901, 111
Trd, 863668.034, 112
Trd, 863669.301, 113
Trd, 863669.451, 112
Trd, 863669.534, 109
Trd, 863669.618, 106
Trd, 863669.651, 104
Trd, 863669.818, 101
Trd, 863670.318, 97
Trd, 863671.001, 98
Trd, 863671.118, 108
Trd, 863671.618, 106
Trd, 863671.784, 100
Trd, 863672.284, 100
Trd, 863673.118, 100
Trd, 863673.301, 101
Trd, 863673.318, 105
Trd, 863673.751, 104
Trd, 863674.118, 105
Trd, 863674.318, 100
Trd, 863674.401, 99
Trd, 863674.484, 106
Trd, 863675.584, 107
Trd, 863675.718, 108
Trd, 863676.451, 105
Trd, 863677.018, 105
Trd, 863677.034, 102
Trd, 863677.201, 110
Trd, 863677.918, 102
Trd, 863678.001, 101
Trd, 863678.201, 105
Trd, 863678.284, 96
Trd, 863678.768, 102
Trd, 863678.868, 103
Trd, 863678.918, 95
Trd, 863679.401, 104
Trd, 863679.784, 98
Trd, 863680.068, 99
Trd, 863680.468, 102
Trd, 863681.101, 100
Trd, 863681.334, 101
Trd, 863681.484, 105
Trd, 863681.501, 100
Trd, 863681.684, 106
Trd, 863683.001, 105
Trd, 863683.734, 105
Trd, 863683.784, 106
Trd, 863683.951, 99
Trd, 863684.234, 106
Trd, 863684.568, 101
Trd, 863684.768, 106
Trd, 863685.084, 107
Trd, 863685.151, 108
Trd, 863685.168, 109
Trd, 863685.601, 104
Trd, 863686.118, 105
Trd, 863686.234, 104
Trd, 863687.368, 104
Trd, 863687.601, 101
Trd, 863687.984, 97
Trd, 863688.084, 106
Trd, 863688.568, 96
Trd, 863688.751, 95
Trd, 863688.801, 93
Trd, 863688.834, 87
Trd, 863689.251, 99
Trd, 863689.734, 100
Trd, 863689.968, 98
Trd, 863690.351, 100
Trd, 863690.668, 100
Trd, 863690.801, 101
Trd, 863691.751, 101
Trd, 863692.051, 94
Trd, 863692.618, 103
Trd, 863693.001, 95
Trd, 863693.384, 99
Trd, 863693.418, 100
Trd, 863693.768, 103
Trd, 863693.934, 105
Trd, 863694.134, 93
Trd, 863694.151, 106
Trd, 863694.318, 93
Trd, 863694.601, 88
Trd, 863695.851, 110
Trd, 863696.068, 111
Trd, 863696.134, 110
Trd, 863696.218, 116
Trd, 863696.251, 119
Trd, 863696.601, 107
Trd, 863697.301, 117
Trd, 863697.834, 109
Trd, 863698.001, 108
Trd, 863698.034, 107
Trd, 863698.268, 112
Trd, 863698.284, 115
Trd, 863698.518, 116
Trd, 863699.551, 107
Trd, 863699.984, 107
Trd, 863700.051, 107
Trd, 863700.301, 106
Trd, 863700.818, 104
Trd, 863701.051, 106
Trd, 863701.151, 101
Trd, 863701.951, 112
Trd, 863702.751, 103
Trd, 863703.418, 113
Trd, 863703.451, 113
Trd, 863703.484, 112
Trd, 863703.951, 111
Trd, 863704.184, 106
Trd, 863704.501, 105
Trd, 863705.051, 109
Trd, 863705.068, 104
Trd, 863705.384, 109
Trd, 863705.551, 108
Trd, 863705.701, 115
Trd, 863705.718, 121
Trd, 863705.818, 104
Trd, 863706.501, 103
Trd, 863706.968, 106
Trd, 863707.084, 105
Trd, 863707.234, 106
Trd, 863707.584, 103
Trd, 863707.684, 105
Trd, 863707.818, 101
Trd, 863707.951, 105
Trd, 863708.401, 107
Trd, 863709.018, 99
Trd, 863709.584, 98
Trd, 863709.901, 95
Trd, 863710.184, 109
Trd, 863711.184, 106
Trd, 863711.501, 100
Trd, 863711.901, 100
Trd, 863712.084, 97
Trd, 863712.418, 103
Trd, 863712.884, 99
Trd, 863713.101, 97
Trd, 863713.401, 94
Trd, 863713.651, 101
Trd, 863713.701, 95
Trd, 863714.034, 95
Trd, 863714.168, 101
Trd, 863714.751, 105
Trd, 863715.368, 104
Trd, 863716.118, 105
Trd, 863716.168, 106
Trd, 863716.851, 108
Trd, 863717.068, 100
Trd, 863717.851, 100
Trd, 863718.068, 100
Trd, 863718.118, 100
Trd, 863718.384, 99
Trd, 863718.468, 99
Trd, 863718.684, 98
Trd, 863718.768, 98
Trd, 863718.951, 98
Trd, 863719.334, 99
Trd, 863719.418, 101
Trd, 863720.168, 94
Trd, 863720.284, 94
Trd, 863720.684, 93
Trd, 863720.734, 94
Trd, 863721.801, 102
Trd, 863721.818, 104
Trd, 863722.268, 93
Trd, 863722.884, 104
Trd, 863723.118, 105
Trd, 863723.501, 105
Trd, 863723.768, 104
Trd, 863724.518, 102
Trd, 863724.901, 101
Trd, 863725.018, 102
Trd, 863725.118, 100
Trd, 863725.268, 98
Trd, 863725.851, 101
Trd, 863725.968, 100
Trd, 863726.418, 105
Trd, 863726.968, 101
Trd, 863727.018, 100
Trd, 863727.151, 104
Trd, 863727.901, 101
Trd, 863728.401, 101
Trd, 863728.751, 102
Trd, 863728.918, 106
Trd, 863729.451, 104
Trd, 863729.618, 103
Trd, 863730.334, 103
Trd, 863730.434, 110
Trd, 863730.784, 113
Trd, 863731.568, 115
Trd, 863731.651, 112
Trd, 863732.301, 113
Trd, 863732.468, 113
Trd, 863732.518, 112
Trd, 863732.734, 117
Trd, 863733.318, 109
Trd, 863733.568, 99
Trd, 863734.018, 100
Trd, 863734.368, 106
Trd, 863734.701, 107
Trd, 863735.168, 101
Trd, 863735.801, 106
Trd, 863736.284, 106
Trd, 863736.618, 107
Trd, 863736.768, 107
Trd, 863737.218, 109
Trd, 863737.518, 114
Trd, 863738.351, 113
Trd, 863738.418, 112
Trd, 863738.484, 109
Trd, 863738.834, 106
Trd, 863738.901, 104
Trd, 863739.418, 101
Trd, 863739.801, 109
Trd, 863740.201, 109
Trd, 863740.484, 108
Trd, 863740.618, 99
Trd, 863740.801, 108
Trd, 863741.251, 98
Trd, 863741.401, 95
Trd, 863741.534, 94
Trd, 863741.551, 93
Trd, 863741.834, 108
Trd, 863742.768, 106
Trd, 863742.901, 107
Trd, 863743.551, 104
Trd, 863744.584, 102
Trd, 863744.634, 101
Trd, 863744.784, 108
Trd, 863745.051, 108
Trd, 863745.084, 109
Trd, 863745.101, 106
Trd, 863745.168, 117
Trd, 863745.784, 103
Trd, 863746.251, 109
Trd, 863747.334, 102
Trd, 863748.051, 102
Trd, 863748.118, 105
Trd, 863748.134, 101
Trd, 863748.284, 98
Trd, 863748.751, 104
Trd, 863748.768, 106
Trd, 863749.018, 101
Trd, 863750.151, 104
Trd, 863750.334, 97
Trd, 863750.501, 96
Trd, 863751.018, 98
Trd, 863751.218, 96
Trd, 863752.968, 95
Trd, 863753.068, 98
Trd, 863753.084, 99
Trd, 863753.434, 101
Trd, 863753.534, 105
Trd, 863753.968, 105
Trd, 863755.034, 103
Trd, 863755.201, 102
Trd, 863755.768, 103
Trd, 863756.084, 102
Trd, 863756.251, 104
Trd, 863756.368, 102
Trd, 863756.518, 103
Trd, 863757.201, 106
Trd, 863757.551, 105
Trd, 863757.718, 105
Trd, 863757.951, 105
Trd, 863757.984, 101
Trd, 863758.501, 98
Trd, 863759.418, 104
Trd, 863759.451, 97
Trd, 863759.501, 96
Trd, 863760.084, 105
Trd, 863761.118, 96
Trd, 863761.534, 97
Trd, 863761.584, 100
Trd, 863761.634, 101
Trd, 863761.818, 103
Trd, 863762.368, 104
Trd, 863762.468, 109
Trd, 863762.818, 102
Trd, 863763.018, 102
Trd, 863763.318, 101
Trd, 863763.434, 117
Trd, 863763.868, 102
Trd, 863764.268, 102
Trd, 863764.351, 101
Trd, 863765.668, 102
Trd, 863765.684, 101
Trd, 863765.801, 103
Trd, 863766.118, 100
Trd, 863766.318, 102
Trd, 863766.368, 100
Trd, 863767.051, 103
Trd, 863767.068, 95
Trd, 863767.334, 93
Trd, 863767.751, 104
Trd, 863768.968, 100
Trd, 863769.018, 101
Trd, 863769.551, 101
Trd, 863770.001, 100
Trd, 863770.084, 102
Trd, 863770.234, 109
Trd, 863770.451, 101
Trd, 863771.868, 106
Trd, 863772.051, 108
Trd, 863772.118, 106
Trd, 863772.134, 108
Trd, 863772.301, 105
Trd, 863772.451, 104
Trd, 863773.184, 109
Trd, 863773.434, 102
Trd, 863773.834, 110
Trd, 863774.251, 113
Trd, 863774.418, 102
Trd, 863774.584, 101
Trd, 863775.584, 109
Trd, 863776.151, 105
Trd, 863776.268, 104
Trd, 863776.334, 106
Trd, 863777.101, 103
Trd, 863777.601, 96
Trd, 863778.301, 107
Trd, 863778.518, 106
Trd, 863779.034, 99
Trd, 863779.634, 101
Trd, 863780.284, 104
Trd, 863780.434, 104
Trd, 863780.601, 103
Trd, 863780.668, 104
Trd, 863780.968, 102
Trd, 863781.068, 106
Trd, 863781.251, 106
Trd, 863781.618, 109
Trd, 863781.684, 101
Trd, 863782.768, 115
Trd, 863782.784, 103
Trd, 863782.934, 103
Trd, 863783.568, 114
Trd, 863783.634, 99
Trd, 863783.868, 98
Trd, 863784.001, 112
Trd, 863784.118, 95
Trd, 863784.151, 96
Trd, 863784.234, 94
Trd, 863785.234, 97
Trd, 863785.401, 106
Trd, 863785.634, 104
Trd, 863785.684, 96
Trd, 863785.884, 104
Trd, 863786.051, 93
Trd, 863786.901, 94
Trd, 863787.801, 104
Trd, 863787.818, 95
Trd, 863788.218, 97
Trd, 863788.551, 98
Trd, 863789.051, 103
Trd, 863789.651, 104
Trd, 863789.701, 109
Trd, 863790.218, 103
Trd, 863790.451, 104
Trd, 863791.001, 100
Trd, 863791.518, 105
Trd, 863791.851, 106
Trd, 863792.018, 102
Trd, 863792.151, 100
Trd, 863792.618, 100
Trd, 863793.001, 105
Trd, 863793.018, 106
Trd, 863794.018, 105
Trd, 863794.334, 104
Trd, 863794.451, 104
Trd, 863794.634, 100
Trd, 863794.834, 98
Trd, 863795.068, 102
Trd, 863795.118, 103
Trd, 863795.801, 109
Trd, 863796.051, 97
Trd, 863797.568, 97
Trd, 863797.934, 97
Trd, 863798.268, 99
Trd, 863799.018, 98
Trd, 863799.118, 99
Trd, 863799.251, 100
Trd, 863799.618, 100
Trd, 863799.651, 101
Trd, 863799.818, 104
Trd, 863799.934, 97
Trd, 863800.101, 97
Trd, 863800.468, 109
Trd, 863800.534, 98
Trd, 863801.218, 95
Trd, 863801.951, 94
Trd, 863802.268, 95
Trd, 863802.618, 108
Trd, 863802.651, 109
Trd, 863803.368, 108
Trd, 863803.401, 109
Trd, 863804.001, 109
Trd, 863804.034, 111
Trd, 863804.668, 107
Trd, 863804.684, 104
Trd, 863805.234, 103
Trd, 863805.401, 103
Trd, 863805.534, 103
Trd, 863806.018, 104
Trd, 863806.068, 101
Trd, 863806.684, 107
Trd, 863807.118, 108
Trd, 863807.634, 97
Trd, 863807.918, 106
Trd, 863808.051, 97
Trd, 863808.468, 95
Trd, 863808.984, 103
Trd, 863809.151, 98
Trd, 863809.751, 102
Trd, 863809.968, 102
Trd, 863810.651, 102
Trd, 863811.034, 101
Trd, 863811.101, 102
Trd, 863811.218, 103
Trd, 863811.718, 105
Trd, 863811.768, 104
Trd, 863812.284, 105
Trd, 863812.534, 106
Trd, 863812.718, 108
Trd, 863812.901, 105
Trd, 863813.684, 108
Trd, 863813.784, 107
Trd, 863814.118, 109
Trd, 863814.751, 104
Trd, 863815.218, 109
Trd, 863815.634, 101
Trd, 863815.818, 104
Trd, 863816.018, 103
Trd, 863816.718, 105
Trd, 863817.001, 106
Trd, 863817.368, 108
Trd, 863817.851, 106
Trd, 863817.934, 101
Trd, 863818.034, 100
Trd, 863818.268, 119
Trd, 863818.334, 99
Trd, 863818.801, 95
Trd, 863819.184, 94
Trd, 863819.601, 101
Trd, 863820.901, 104
Trd, 863821.051, 103
Trd, 863821.168, 106
Trd, 863822.201, 108
Trd, 863822.501, 110
Trd, 863822.851, 111
Trd, 863823.301, 111
Trd, 863823.468, 110
Trd, 863823.668, 104
Trd, 863823.801, 101
Trd, 863824.001, 98
Trd, 863824.651, 112
Trd, 863825.434, 114
Trd, 863825.501, 113
Trd, 863825.851, 115
Trd, 863826.118, 119
Trd, 863826.184, 109
Trd, 863827.168, 117
Trd, 863827.234, 117
Trd, 863827.384, 115
Trd, 863827.718, 115
Trd, 863827.734, 115
Trd, 863828.551, 111
Trd, 863828.801, 106
Trd, 863828.901, 104
Trd, 863829.334, 108
Trd, 863829.451, 109
Trd, 863829.568, 95
Trd, 863830.868, 102
Trd, 863831.084, 103
Trd, 863831.434, 97
Trd, 863831.501, 96
Trd, 863831.518, 94
Trd, 863831.601, 105
Trd, 863831.668, 94
Trd, 863832.168, 96
Trd, 863832.834, 112
Trd, 863833.768, 109
Trd, 863833.884, 106
Trd, 863834.918, 104
Trd, 863835.268, 107
Trd, 863835.318, 104
Trd, 863835.368, 102
Trd, 863835.468, 101
Trd, 863835.584, 107
Trd, 863836.084, 106
Trd, 863836.501, 104
Trd, 863837.301, 104
Trd, 863837.751, 105
Trd, 863837.784, 107
Trd, 863838.284, 108
Trd, 863838.534, 107
Trd, 863838.634, 103
Trd, 863839.784, 105
Trd, 863840.034, 105
Trd, 863840.484, 105
Trd, 863840.751, 104
Trd, 863841.068, 101
Trd, 863841.268, 98
Trd, 863841.468, 96
Trd, 863841.818, 108
Trd, 863841.851, 109
Trd, 863842.068, 97
Trd, 863842.418, 111
Trd, 863843.568, 108
Trd, 863844.068, 106
Trd, 863844.134, 106
Trd, 863844.151, 104
Trd, 863845.068, 102
Trd, 863845.418, 104
Trd, 863845.568, 101
Trd, 863845.801, 98
Trd, 863845.818, 106
Trd, 863845.934, 106
Trd, 863846.368, 98
Trd, 863847.084, 107
Trd, 863847.268, 107
Trd, 863847.284, 108
Trd, 863847.418, 109
Trd, 863848.001, 113
Trd, 863848.218, 112
Trd, 863848.284, 105
Trd, 863848.501, 101
Trd, 863848.818, 98
Trd, 863849.368, 98
Trd, 863849.518, 79
Trd, 863849.901, 79
Trd, 863849.984, 79
Trd, 863850.234, 83
Trd, 863850.801, 80
Trd, 863850.951, 83
Trd, 863851.634, 96
Trd, 863851.684, 108
Trd, 863851.868, 95
Trd, 863852.401, 104
Trd, 863853.334, 86
Trd, 863853.651, 93
Trd, 863853.751, 104
Trd, 863854.101, 105
Trd, 863854.301, 106
Trd, 863854.484, 106
Trd, 863855.001, 95
Trd, 863856.168, 100
Trd, 863856.618, 101
Trd, 863856.884, 101
Trd, 863857.018, 101
Trd, 863857.201, 101
Trd, 863857.918, 102
Trd, 863858.634, 102
Trd, 863858.651, 101
Trd, 863859.084, 103
Trd, 863859.534, 106
Trd, 863859.801, 113
Trd, 863860.101, 104
Trd, 863860.184, 101
Trd, 863860.768, 110
Trd, 863861.051, 110
Trd, 863861.168, 109
Trd, 863861.984, 110
Trd, 863862.051, 109
Trd, 863862.501, 108
Trd, 863862.701, 104
Trd, 863863.151, 105
Trd, 863863.251, 106
Trd, 863863.968, 105
Trd, 863864.068, 102
Trd, 863864.318, 109
Trd, 863864.384, 110
Trd, 863864.551, 98
Trd, 863865.368, 115
Trd, 863865.434, 99
Trd, 863865.518, 96
Trd, 863866.834, 100
Trd, 863866.884, 114
Trd, 863866.934, 117
Trd, 863867.251, 101
Trd, 863867.751, 99
Trd, 863867.834, 102
Trd, 863868.601, 103
Trd, 863868.851, 102
Trd, 863869.034, 102
Trd, 863869.101, 99
Trd, 863869.601, 103
Trd, 863870.018, 99
Trd, 863870.051, 107
Trd, 863870.484, 98
Trd, 863870.634, 95
Trd, 863870.951, 93
Trd, 863871.451, 90
Trd, 863871.534, 105
Trd, 863871.918, 108
Trd, 863872.251, 90
Trd, 863873.601, 94
Trd, 863874.268, 102
Trd, 863874.851, 100
Trd, 863874.868, 101
Trd, 863875.101, 101
Trd, 863875.134, 103
Trd, 863875.168, 99
Trd, 863875.634, 98
Trd, 863875.651, 106
Trd, 863877.234, 104
Trd, 863877.384, 107
Trd, 863877.584, 106
Trd, 863877.768, 107
Trd, 863878.168, 108
Trd, 863878.501, 117
Trd, 863878.651, 119
Trd, 863878.768, 112
Trd, 863879.168, 113
Trd, 863879.401, 112
Trd, 863879.634, 109
Trd, 863879.718, 95
Trd, 863879.751, 113
Trd, 863880.084, 104
Trd, 863880.234, 105
Trd, 863880.768, 98
Trd, 863881.051, 115
Trd, 863881.101, 95
Trd, 863881.684, 94
Trd, 863881.934, 105
Trd, 863882.618, 104
Trd, 863883.234, 101
Trd, 863883.334, 100
Trd, 863883.401, 105
Trd, 863883.784, 105
Trd, 863884.918, 101
Trd, 863885.251, 100
Trd, 863885.451, 101
Trd, 863885.784, 101
Trd, 863885.818, 105
Trd, 863885.868, 106
Trd, 863886.234, 107
Trd, 863886.801, 107
Trd, 863887.168, 103
Trd, 863887.434, 108
Trd, 863887.468, 103
Trd, 863887.618, 102
Trd, 863887.634, 108
Trd, 863888.134, 95
Trd, 863889.801, 109
Trd, 863889.884, 108
Trd, 863890.068, 106
Trd, 863891.184, 107
Trd, 863891.384, 104
Trd, 863891.751, 101
Trd, 863891.901, 110
Trd, 863891.934, 110
Trd, 863892.418, 99
Trd, 863892.618, 98
Trd, 863894.018, 104
Trd, 863894.101, 98
Trd, 863894.284, 103
Trd, 863894.551, 102
Trd, 863894.584, 97
Trd, 863894.784, 103
Trd, 863895.201, 104
Trd, 863895.418, 100
Trd, 863895.568, 100
Trd, 863896.151, 102
Trd, 863897.001, 104
Trd, 863897.234, 103
Trd, 863897.701, 104
Trd, 863897.784, 103
Trd, 863898.034, 106
Trd, 863898.818, 103
Trd, 863898.884, 104
Trd, 863898.934, 107
Trd, 863898.968, 103
Trd, 863899.001, 109
Trd, 863899.951, 104
Trd, 863900.718, 106
Trd, 863900.734, 105
Trd, 863901.634, 110
Trd, 863901.651, 111
Trd, 863901.834, 112
Trd, 863901.884, 111
Trd, 863901.918, 109
Trd, 863901.968, 112
Trd, 863902.734, 104
Trd, 863903.884, 98
Trd, 863904.251, 92
Trd, 863904.684, 109
Trd, 863904.884, 106
Trd, 863905.551, 106
Trd, 863905.868, 106
Trd, 863906.568, 107
Trd, 863907.251, 111
Trd, 863907.518, 113
Trd, 863907.618, 105
Trd, 863907.634, 113
Trd, 863907.984, 106
Trd, 863908.084, 114
Trd, 863908.801, 111
Trd, 863908.818, 109
Trd, 863910.501, 108
Trd, 863910.834, 110
Trd, 863910.851, 106
Trd, 863910.934, 105
Trd, 863910.951, 104
Trd, 863911.218, 102
Trd, 863911.551, 109
Trd, 863911.751, 109
Trd, 863912.234, 101
Trd, 863912.801, 106
Trd, 863912.818, 102
Trd, 863913.018, 103
Trd, 863913.551, 102
Trd, 863913.784, 108
Trd, 863914.084, 104
Trd, 863914.718, 108
Trd, 863915.101, 106
Trd, 863915.168, 101
Trd, 863915.284, 98
Trd, 863916.084, 106
Trd, 863916.651, 98
Trd, 863917.501, 98
Trd, 863917.751, 99
Trd, 863918.584, 101
Trd, 863918.651, 105
Trd, 863919.084, 105
Trd, 863919.251, 98
Trd, 863920.034, 103
Trd, 863920.068, 104
Trd, 863920.134, 104
Trd, 863920.651, 103
Trd, 863920.734, 103
Trd, 863920.768, 104
Trd, 863920.818, 106
Trd, 863921.584, 109
Trd, 863921.668, 109
Trd, 863921.918, 117
Trd, 863922.968, 113
Trd, 863923.118, 113
Trd, 863923.251, 112
Trd, 863923.384, 107
Trd, 863923.401, 114
Trd, 863923.468, 106
Trd, 863923.768, 114
Trd, 863924.784, 101
Trd, 863925.268, 100
Trd, 863925.701, 98
Trd, 863926.168, 97
Trd, 863926.318, 95
Trd, 863926.934, 93
Trd, 863928.568, 97
Trd, 863928.684, 104
Trd, 863928.901, 98
Trd, 863929.001, 98
Trd, 863929.534, 98
Trd, 863929.751, 102
Trd, 863929.784, 103
Trd, 863930.051, 104
Trd, 863930.251, 101
Trd, 863930.368, 101
Trd, 863930.668, 102
Trd, 863930.868, 101
Trd, 863931.018, 102
Trd, 863931.518, 102
Trd, 863931.668, 104
Trd, 863932.451, 109
Trd, 863932.968, 116
Trd, 863933.018, 107
Trd, 863933.618, 108
Trd, 863933.651, 107
Trd, 863934.051, 101
Trd, 863934.301, 98
Trd, 863934.884, 103
Trd, 863935.434, 97
Trd, 863935.568, 95
Trd, 863935.918, 95
Trd, 863935.934, 102
Trd, 863936.901, 98
Trd, 863937.134, 99
Trd, 863937.484, 99
Trd, 863937.784, 101
Trd, 863938.334, 106
Trd, 863938.418, 100
Trd, 863939.534, 101
Trd, 863939.918, 101
Trd, 863939.951, 103
Trd, 863940.268, 103
Trd, 863940.434, 103
Trd, 863940.601, 105
Trd, 863940.651, 106
Trd, 863940.834, 102
Trd, 863941.401, 109
Trd, 863941.934, 99
Trd, 863942.118, 111
Trd, 863942.568, 98
Trd, 863942.801, 95
Trd, 863942.851, 110
Trd, 863943.051, 94
Trd, 863943.501, 108
Trd, 863943.934, 106
Trd, 863944.001, 109
Trd, 863945.201, 106
Trd, 863945.234, 107
Trd, 863945.334, 103
Trd, 863945.368, 117
Trd, 863945.768, 103
Trd, 863946.184, 104
Trd, 863946.818, 112
Trd, 863947.268, 106
Trd, 863947.434, 109
Trd, 863947.518, 107
Trd, 863947.718, 107
Trd, 863947.884, 107
Trd, 863947.918, 106
Trd, 863948.018, 104
Trd, 863948.384, 109
Trd, 863948.584, 108
Trd, 863948.751, 108
Trd, 863949.384, 103
Trd, 863950.351, 103
Trd, 863950.868, 104
Trd, 863950.884, 102
Trd, 863950.951, 101
Trd, 863950.968, 107
Trd, 863951.351, 95
Trd, 863951.584, 94
Trd, 863951.868, 109
Trd, 863952.084, 116
Trd, 863952.218, 120
Trd, 863952.634, 107
Trd, 863953.001, 100
Trd, 863953.184, 98
Trd, 863953.401, 112
Trd, 863953.734, 113
Trd, 863953.768, 112
Trd, 863955.951, 102
Trd, 863956.151, 101
Trd, 863956.418, 101
Trd, 863956.984, 95
Trd, 863957.468, 97
Trd, 863957.751, 102
Trd, 863958.368, 106
Trd, 863959.351, 100
Trd, 863959.384, 99
Trd, 863959.784, 108
Trd, 863959.801, 109
Trd, 863960.101, 107
Trd, 863960.568, 108
Trd, 863960.668, 109
Trd, 863960.701, 110
Trd, 863960.751, 107
Trd, 863960.834, 106
Trd, 863961.068, 116
Trd, 863961.184, 94
Trd, 863961.418, 93
Trd, 863961.984, 120
Trd, 863962.118, 122
Trd, 863962.918, 120
Trd, 863963.834, 111
Trd, 863964.101, 109
Trd, 863964.468, 101
Trd, 863964.668, 98
Trd, 863965.268, 106
Trd, 863965.384, 105
Trd, 863966.201, 101
Trd, 863966.451, 102
Trd, 863966.651, 105
Trd, 863967.151, 106
Trd, 863967.234, 106
Trd, 863967.484, 107
Trd, 863967.968, 104
Trd, 863969.018, 104
Trd, 863969.268, 103
Trd, 863969.384, 104
Trd, 863969.984, 101
Trd, 863970.018, 103
Trd, 863970.034, 104
Trd, 863970.368, 108
Trd, 863970.584, 108
Trd, 863970.734, 105
Trd, 863970.784, 108
Trd, 863970.968, 94
Trd, 863971.134, 93
Trd, 863971.901, 89
Trd, 863972.551, 93
Trd, 863972.618, 93
Trd, 863972.634, 99
Trd, 863972.868, 93
Trd, 863973.184, 94
Trd, 863973.334, 101
Trd, 863973.368, 95
Trd, 863973.451, 104
Trd, 863975.434, 106
Trd, 863975.684, 107
Trd, 863975.718, 107
Trd, 863976.318, 104
Trd, 863976.484, 103
Trd, 863976.518, 101
Trd, 863977.118, 104
Trd, 863977.434, 100
Trd, 863977.884, 100
Trd, 863978.151, 101
Trd, 863978.351, 101
Trd, 863979.134, 101
Trd, 863979.334, 109
Trd, 863979.534, 114
Trd, 863979.968, 100
Trd, 863980.351, 115
Trd, 863980.684, 112
Trd, 863981.234, 115
Trd, 863981.384, 107
Trd, 863981.818, 106
Trd, 863982.001, 98
Trd, 863982.368, 95
Trd, 863982.818, 116
Trd, 863982.984, 115
Trd, 863984.168, 114
Trd, 863985.034, 115
Trd, 863985.118, 114
Trd, 863985.218, 112
Trd, 863985.284, 109
Trd, 863985.518, 114
Trd, 863986.001, 108
Trd, 863986.634, 109
Trd, 863986.701, 108
Trd, 863986.751, 109
Trd, 863987.468, 107
Trd, 863987.618, 105
Trd, 863987.651, 108
Trd, 863988.034, 109
Trd, 863988.101, 110
Trd, 863988.834, 106
Trd, 863989.168, 105
Trd, 863990.401, 106
Trd, 863990.651, 105
Trd, 863990.851, 104
Trd, 863991.801, 98
Trd, 863992.134, 95
Trd, 863992.168, 105
Trd, 863992.718, 105
Trd, 863993.234, 105
Trd, 863993.334, 106
Trd, 863993.518, 108
Trd, 863994.168, 114
Trd, 863994.334, 113
Trd, 863994.351, 111
Trd, 863995.118, 109
Trd, 863995.268, 108
Trd, 863995.584, 104
Trd, 863995.734, 102
Trd, 863995.901, 101
Trd, 863996.668, 101
Trd, 863996.701, 103
Trd, 863997.918, 100
Trd, 863998.268, 99
Trd, 863998.334, 98
Trd, 863998.434, 97
Trd, 863998.801, 96
Trd, 863999.368, 97
Trd, 863999.501, 104
Trd, 863999.568, 106
Trd, 863999.934, 104
