Trd, 863330.284, 104
Trd, 863331.634, 107
Trd, 863331.651, 111
Trd, 863331.818, 110
Trd, 863332.001, 101
Trd, 863332.218, 103
Trd, 863332.751, 104
Trd, 863333.234, 104
Trd, 863333.434, 97
Trd, 863333.634, 114
Trd, 863333.784, 97
Trd, 863333.901, 96
Trd, 863334.034, 95
Trd, 863334.234, 93
Trd, 863334.351, 98
Trd, 863334.634, 117
Trd, 863335.118, 91
Trd, 863335.784, 102
Trd, 863336.284, 104
Trd, 863337.218, 114
Trd, 863337.318, 109
Trd, 863337.818, 109
Trd, 863338.301, 100
Trd, 863338.351, 98
Trd, 863338.518, 93
Trd, 863339.184, 97
Trd, 863339.468, 98
Trd, 863340.018, 103
Trd, 863340.618, 106
Trd, 863340.734, 97
Trd, 863341.284, 95
Trd, 863341.584, 106
Trd, 863341.768, 104
Trd, 863341.918, 95
Trd, 863342.368, 87
Trd, 863342.401, 108
Trd, 863342.518, 109
Trd, 863342.618, 87
Trd, 863342.634, 110
Trd, 863342.834, 98
Trd, 863344.184, 106
Trd, 863344.301, 98
Trd, 863344.468, 115
Trd, 863344.718, 91
Trd, 863345.468, 101
Trd, 863346.318, 93
Trd, 863346.618, 108
Trd, 863346.751, 91
Trd, 863347.651, 93
Trd, 863348.034, 92
Trd, 863348.168, 89
Trd, 863348.334, 79
Trd, 863348.584, 94
Trd, 863348.801, 118
Trd, 863349.101, 98
Trd, 863349.151, 119
Trd, 863349.501, 98
Trd, 863350.118, 119
Trd, 863350.401, 108
Trd, 863350.751, 107
Trd, 863350.934, 97
Trd, 863351.684, 107
Trd, 863352.218, 105
Trd, 863352.668, 104
Trd, 863353.151, 99
Trd, 863353.284, 105
Trd, 863353.734, 99
Trd, 863353.751, 98
Trd, 863354.101, 95
Trd, 863354.584, 106
Trd, 863354.684, 94
Trd, 863354.868, 111
Trd, 863354.918, 93
Trd, 863355.101, 91
Trd, 863355.118, 94
Trd, 863355.418, 79
Trd, 863355.484, 90
Trd, 863355.751, 102
Trd, 863356.801, 96
Trd, 863357.151, 88
Trd, 863357.401, 106
Trd, 863357.434, 109
Trd, 863358.368, 111
Trd, 863358.434, 117
Trd, 863358.484, 119
Trd, 863358.818, 108
Trd, 863358.918, 109
Trd, 863359.101, 104
Trd, 863359.784, 106
Trd, 863360.268, 122
Trd, 863360.668, 107
Trd, 863360.901, 116
Trd, 863360.918, 106
Trd, 863360.984, 104
Trd, 863361.001, 103
Trd, 863361.034, 107
Trd, 863361.068, 99
Trd, 863361.101, 98
Trd, 863362.234, 97
Trd, 863362.818, 116
Trd, 863362.884, 95
Trd, 863363.218, 90
Trd, 863363.951, 84
Trd, 863364.718, 116
Trd, 863365.301, 116
Trd, 863365.451, 115
Trd, 863365.834, 117
Trd, 863366.268, 118
Trd, 863366.568, 119
Trd, 863366.751, 120
Trd, 863366.984, 114
Trd, 863367.134, 108
Trd, 863367.434, 106
Trd, 863367.934, 107
Trd, 863368.234, 104
Trd, 863368.268, 97
Trd, 863368.601, 108
Trd, 863369.301, 111
Trd, 863369.451, 123
Trd, 863370.051, 95
Trd, 863370.118, 93
Trd, 863371.084, 116
Trd, 863371.201, 98
Trd, 863371.268, 108
Trd, 863371.501, 98
Trd, 863371.834, 98
Trd, 863372.151, 117
Trd, 863372.251, 106
Trd, 863372.284, 95
Trd, 863372.668, 97
Trd, 863372.801, 114
Trd, 863374.101, 108
Trd, 863374.401, 98
Trd, 863374.418, 97
Trd, 863374.668, 98
Trd, 863374.834, 97
Trd, 863375.601, 95
Trd, 863375.818, 106
Trd, 863376.034, 113
Trd, 863376.368, 117
Trd, 863376.401, 120
Trd, 863376.451, 106
Trd, 863376.918, 94
Trd, 863377.584, 97
Trd, 863377.868, 93
Trd, 863377.884, 98
Trd, 863378.034, 90
Trd, 863379.001, 113
Trd, 863379.084, 99
Trd, 863379.184, 95
Trd, 863380.351, 109
Trd, 863380.434, 110
Trd, 863380.784, 109
Trd, 863381.151, 109
Trd, 863381.834, 115
Trd, 863382.051, 120
Trd, 863382.201, 107
Trd, 863382.284, 110
Trd, 863382.318, 106
Trd, 863382.868, 106
Trd, 863382.984, 104
Trd, 863383.018, 98
Trd, 863383.101, 95
Trd, 863383.351, 120
Trd, 863383.584, 124
Trd, 863383.818, 123
Trd, 863384.534, 98
Trd, 863385.251, 103
Trd, 863385.684, 98
Trd, 863385.901, 97
Trd, 863386.418, 102
Trd, 863386.534, 93
Trd, 863386.568, 109
Trd, 863386.701, 90
Trd, 863386.751, 88
Trd, 863387.084, 84
Trd, 863387.684, 112
Trd, 863388.368, 94
Trd, 863389.234, 106
Trd, 863389.251, 105
Trd, 863390.118, 114
Trd, 863390.134, 118
Trd, 863390.251, 113
Trd, 863391.234, 107
Trd, 863391.251, 104
Trd, 863391.301, 108
Trd, 863391.368, 120
Trd, 863391.751, 104
Trd, 863392.384, 123
Trd, 863392.534, 95
Trd, 863393.018, 107
Trd, 863393.068, 106
Trd, 863393.434, 99
Trd, 863395.051, 106
Trd, 863395.101, 118
Trd, 863395.318, 106
Trd, 863395.384, 107
Trd, 863395.401, 105
Trd, 863396.351, 96
Trd, 863396.968, 97
Trd, 863397.201, 96
Trd, 863397.334, 91
Trd, 863397.351, 85
Trd, 863397.751, 105
Trd, 863398.134, 108
Trd, 863398.284, 101
Trd, 863398.351, 109
Trd, 863398.451, 98
Trd, 863399.284, 98
Trd, 863399.384, 109
Trd, 863399.468, 120
Trd, 863399.668, 95
Trd, 863400.234, 117
Trd, 863400.618, 93
Trd, 863400.834, 91
Trd, 863401.651, 110
Trd, 863401.834, 125
Trd, 863401.968, 110
Trd, 863402.101, 109
Trd, 863402.351, 97
Trd, 863402.784, 95
Trd, 863403.284, 90
Trd, 863403.384, 96
Trd, 863403.401, 114
Trd, 863403.784, 113
Trd, 863404.834, 107
Trd, 863404.951, 91
Trd, 863405.251, 104
Trd, 863405.918, 115
Trd, 863406.284, 102
Trd, 863406.718, 102
Trd, 863408.101, 106
Trd, 863408.168, 109
Trd, 863408.468, 103
Trd, 863408.534, 96
Trd, 863408.834, 95
Trd, 863408.901, 109
Trd, 863409.284, 92
Trd, 863409.318, 103
Trd, 863409.851, 97
Trd, 863409.884, 91
Trd, 863411.201, 113
Trd, 863412.118, 105
Trd, 863412.434, 104
Trd, 863413.318, 107
Trd, 863413.451, 98
Trd, 863413.484, 98
Trd, 863413.634, 99
Trd, 863413.934, 97
Trd, 863413.951, 106
Trd, 863414.568, 95
Trd, 863414.851, 120
Trd, 863415.118, 100
Trd, 863415.401, 101
Trd, 863415.468, 96
Trd, 863416.151, 109
Trd, 863416.268, 100
Trd, 863416.468, 119
Trd, 863416.651, 97
Trd, 863416.784, 96
Trd, 863417.068, 102
Trd, 863417.668, 104
Trd, 863418.568, 106
Trd, 863418.668, 90
Trd, 863418.934, 104
Trd, 863418.968, 84
Trd, 863419.401, 84
Trd, 863419.868, 81
Trd, 863420.234, 90
Trd, 863420.351, 84
Trd, 863420.551, 95
Trd, 863420.918, 80
Trd, 863421.518, 102
Trd, 863421.768, 91
Trd, 863421.818, 90
Trd, 863422.901, 96
Trd, 863423.218, 97
Trd, 863423.334, 99
Trd, 863423.451, 108
Trd, 863424.051, 104
Trd, 863424.234, 110
Trd, 863424.384, 109
Trd, 863424.634, 120
Trd, 863425.101, 108
Trd, 863426.168, 106
Trd, 863426.501, 104
Trd, 863426.584, 102
Trd, 863427.584, 105
Trd, 863427.634, 115
Trd, 863427.818, 101
Trd, 863428.001, 95
Trd, 863428.068, 92
Trd, 863428.751, 91
Trd, 863429.168, 90
Trd, 863429.234, 111
Trd, 863429.584, 98
Trd, 863430.318, 115
Trd, 863430.568, 90
Trd, 863431.018, 93
Trd, 863431.151, 95
Trd, 863431.418, 109
Trd, 863431.568, 118
Trd, 863431.634, 103
Trd, 863431.718, 95
Trd, 863431.801, 93
Trd, 863431.818, 120
Trd, 863432.234, 113
Trd, 863432.634, 115
Trd, 863433.018, 97
Trd, 863433.534, 99
Trd, 863433.851, 99
Trd, 863434.551, 100
Trd, 863434.568, 99
Trd, 863434.618, 98
Trd, 863434.751, 103
Trd, 863434.951, 98
Trd, 863435.534, 98
Trd, 863436.251, 95
Trd, 863437.068, 97
Trd, 863438.134, 100
Trd, 863438.151, 106
Trd, 863438.251, 99
Trd, 863438.618, 105
Trd, 863438.901, 108
Trd, 863439.034, 109
Trd, 863439.151, 96
Trd, 863439.468, 106
Trd, 863439.551, 118
Trd, 863439.718, 92
Trd, 863439.734, 90
Trd, 863440.068, 113
Trd, 863440.101, 120
Trd, 863441.284, 95
Trd, 863441.334, 96
Trd, 863441.801, 96
Trd, 863442.418, 94
Trd, 863442.701, 92
Trd, 863443.518, 109
Trd, 863443.734, 96
Trd, 863444.801, 99
Trd, 863445.868, 108
Trd, 863446.068, 117
Trd, 863446.201, 107
Trd, 863447.234, 117
Trd, 863447.601, 108
Trd, 863447.968, 110
Trd, 863448.134, 111
Trd, 863448.351, 109
Trd, 863448.518, 107
Trd, 863448.584, 106
Trd, 863448.634, 98
Trd, 863448.801, 95
Trd, 863449.168, 93
Trd, 863449.868, 98
Trd, 863449.901, 94
Trd, 863449.968, 108
Trd, 863449.984, 90
Trd, 863450.234, 85
Trd, 863450.701, 96
Trd, 863450.951, 108
Trd, 863451.434, 93
Trd, 863451.718, 97
Trd, 863453.134, 104
Trd, 863453.218, 105
Trd, 863453.368, 117
Trd, 863453.784, 97
Trd, 863454.201, 101
Trd, 863454.534, 98
Trd, 863454.551, 96
Trd, 863454.801, 95
Trd, 863455.301, 94
Trd, 863455.318, 106
Trd, 863455.384, 119
Trd, 863455.901, 106
Trd, 863456.618, 100
Trd, 863456.751, 95
Trd, 863456.968, 103
Trd, 863458.384, 96
Trd, 863458.401, 95
Trd, 863458.601, 94
Trd, 863458.751, 99
Trd, 863458.801, 94
Trd, 863459.251, 89
Trd, 863459.334, 92
Trd, 863459.584, 93
Trd, 863459.734, 98
Trd, 863460.134, 85
Trd, 863460.868, 102
Trd, 863461.768, 101
Trd, 863461.801, 83
Trd, 863462.118, 88
Trd, 863462.301, 102
Trd, 863462.368, 112
Trd, 863462.834, 98
Trd, 863463.318, 114
Trd, 863464.401, 112
Trd, 863464.684, 101
Trd, 863465.068, 102
Trd, 863465.818, 104
Trd, 863466.418, 102
Trd, 863466.434, 106
Trd, 863467.384, 109
Trd, 863467.668, 117
Trd, 863467.851, 98
Trd, 863467.918, 115
Trd, 863468.134, 96
Trd, 863468.201, 95
Trd, 863468.584, 127
Trd, 863468.668, 115
Trd, 863469.051, 95
Trd, 863469.568, 95
Trd, 863469.584, 94
Trd, 863470.468, 101
Trd, 863470.701, 102
Trd, 863470.751, 111
Trd, 863471.151, 106
Trd, 863471.501, 97
Trd, 863472.101, 95
Trd, 863472.234, 96
Trd, 863472.468, 94
Trd, 863472.568, 93
Trd, 863472.634, 94
Trd, 863472.884, 110
Trd, 863472.984, 99
Trd, 863473.501, 107
Trd, 863474.018, 96
Trd, 863475.518, 97
Trd, 863475.668, 96
Trd, 863476.001, 109
Trd, 863476.018, 110
Trd, 863476.284, 96
Trd, 863476.568, 95
Trd, 863476.851, 120
Trd, 863477.284, 123
Trd, 863477.318, 106
Trd, 863477.418, 98
Trd, 863477.784, 114
Trd, 863477.801, 117
Trd, 863478.318, 97
Trd, 863479.668, 96
Trd, 863480.101, 99
Trd, 863480.268, 98
Trd, 863480.518, 96
Trd, 863480.601, 92
Trd, 863480.701, 83
Trd, 863480.901, 90
Trd, 863481.534, 87
Trd, 863481.718, 107
Trd, 863481.734, 117
Trd, 863482.034, 106
Trd, 863482.484, 85
Trd, 863483.234, 116
Trd, 863484.168, 106
Trd, 863484.234, 100
Trd, 863484.251, 99
Trd, 863484.918, 104
Trd, 863485.051, 96
Trd, 863485.684, 112
Trd, 863485.751, 100
Trd, 863485.768, 99
Trd, 863486.118, 120
Trd, 863486.351, 95
Trd, 863486.368, 120
Trd, 863486.768, 89
Trd, 863488.268, 113
Trd, 863488.334, 96
Trd, 863488.651, 117
Trd, 863488.701, 94
Trd, 863488.934, 105
Trd, 863489.051, 106
Trd, 863489.351, 94
Trd, 863489.368, 93
Trd, 863490.018, 84
Trd, 863490.318, 96
Trd, 863491.201, 79
Trd, 863491.384, 89
Trd, 863493.118, 109
Trd, 863493.234, 111
Trd, 863493.684, 113
Trd, 863493.801, 109
Trd, 863494.084, 120
Trd, 863494.384, 104
Trd, 863495.001, 120
Trd, 863495.034, 108
Trd, 863495.051, 107
Trd, 863495.201, 106
Trd, 863495.851, 105
Trd, 863496.201, 97
Trd, 863496.718, 116
Trd, 863496.834, 95
Trd, 863496.901, 93
Trd, 863496.984, 117
Trd, 863497.434, 105
Trd, 863498.418, 108
Trd, 863498.668, 108
Trd, 863498.868, 110
Trd, 863498.934, 111
Trd, 863499.134, 107
Trd, 863499.284, 106
Trd, 863499.734, 120
Trd, 863500.268, 95
Trd, 863500.818, 94
Trd, 863501.268, 101
Trd, 863501.518, 94
Trd, 863502.501, 115
Trd, 863502.901, 113
Trd, 863503.168, 115
Trd, 863503.601, 94
Trd, 863503.768, 97
Trd, 863504.134, 91
Trd, 863504.318, 104
Trd, 863505.318, 108
Trd, 863505.534, 117
Trd, 863506.484, 115
Trd, 863506.801, 120
Trd, 863507.018, 115
Trd, 863507.168, 114
Trd, 863507.268, 109
Trd, 863507.451, 106
Trd, 863507.551, 98
Trd, 863507.634, 95
Trd, 863508.168, 96
Trd, 863508.268, 95
Trd, 863508.568, 116
Trd, 863508.768, 117
Trd, 863508.901, 100
Trd, 863509.034, 95
Trd, 863509.618, 93
Trd, 863509.668, 107
Trd, 863509.818, 92
Trd, 863509.884, 90
Trd, 863509.918, 84
Trd, 863510.884, 115
Trd, 863510.918, 120
Trd, 863511.501, 97
Trd, 863511.601, 96
Trd, 863512.001, 123
Trd, 863512.351, 119
Trd, 863513.334, 105
Trd, 863513.518, 121
Trd, 863513.751, 106
Trd, 863514.018, 107
Trd, 863514.351, 116
Trd, 863515.201, 105
Trd, 863515.234, 109
Trd, 863515.251, 104
Trd, 863515.951, 100
Trd, 863516.051, 98
Trd, 863516.868, 96
Trd, 863517.068, 109
Trd, 863517.218, 98
Trd, 863517.534, 121
Trd, 863517.784, 95
Trd, 863518.084, 94
Trd, 863518.668, 109
Trd, 863518.751, 100
Trd, 863518.868, 94
Trd, 863519.051, 92
Trd, 863519.134, 90
Trd, 863519.434, 112
Trd, 863519.768, 89
Trd, 863520.634, 91
Trd, 863521.034, 91
Trd, 863521.184, 96
Trd, 863521.634, 97
Trd, 863522.134, 112
Trd, 863522.634, 96
Trd, 863522.851, 96
Trd, 863523.468, 99
Trd, 863523.634, 95
Trd, 863523.868, 106
Trd, 863524.134, 117
Trd, 863524.301, 115
Trd, 863524.401, 90
Trd, 863524.984, 84
Trd, 863525.668, 120
Trd, 863525.968, 120
Trd, 863526.134, 98
Trd, 863526.201, 102
Trd, 863526.401, 104
Trd, 863526.651, 119
Trd, 863526.668, 93
Trd, 863527.218, 103
Trd, 863527.284, 90
Trd, 863527.484, 106
Trd, 863527.518, 86
Trd, 863528.651, 87
Trd, 863529.651, 91
Trd, 863530.184, 86
Trd, 863530.968, 112
Trd, 863531.334, 91
Trd, 863531.451, 113
Trd, 863531.768, 96
Trd, 863532.818, 101
Trd, 863532.884, 98
Trd, 863533.151, 98
Trd, 863533.218, 96
Trd, 863533.351, 95
Trd, 863533.484, 103
Trd, 863533.851, 95
Trd, 863533.884, 109
Trd, 863534.101, 117
Trd, 863534.218, 120
Trd, 863535.018, 109
Trd, 863535.234, 117
Trd, 863535.851, 98
Trd, 863537.118, 104
Trd, 863537.251, 105
Trd, 863537.584, 108
Trd, 863537.784, 103
Trd, 863537.968, 102
Trd, 863537.984, 109
Trd, 863538.134, 99
Trd, 863538.334, 108
Trd, 863539.051, 99
Trd, 863539.101, 98
Trd, 863539.318, 120
Trd, 863540.218, 105
Trd, 863540.268, 123
Trd, 863540.601, 96
Trd, 863540.751, 95
Trd, 863541.584, 97
Trd, 863541.734, 92
Trd, 863541.784, 107
Trd, 863542.734, 115
Trd, 863542.951, 123
Trd, 863543.251, 104
Trd, 863543.734, 95
Trd, 863543.934, 95
Trd, 863544.084, 99
Trd, 863544.801, 99
Trd, 863545.668, 100
Trd, 863545.684, 97
Trd, 863545.851, 101
Trd, 863546.018, 94
Trd, 863546.134, 93
Trd, 863546.534, 98
Trd, 863546.701, 113
Trd, 863547.268, 98
Trd, 863547.384, 97
Trd, 863547.451, 118
Trd, 863548.668, 110
Trd, 863549.184, 110
Trd, 863550.568, 100
Trd, 863550.901, 98
Trd, 863551.084, 106
Trd, 863551.151, 106
Trd, 863551.234, 98
Trd, 863551.668, 93
Trd, 863552.201, 87
Trd, 863552.334, 94
Trd, 863552.634, 117
Trd, 863552.668, 115
Trd, 863552.768, 117
Trd, 863553.151, 103
Trd, 863553.218, 88
Trd, 863553.401, 79
Trd, 863554.718, 89
Trd, 863554.784, 93
Trd, 863555.001, 88
Trd, 863555.434, 89
Trd, 863555.651, 108
Trd, 863556.084, 83
Trd, 863556.268, 112
Trd, 863556.951, 84
Trd, 863557.418, 112
Trd, 863557.701, 83
Trd, 863557.768, 87
Trd, 863558.234, 106
Trd, 863558.318, 107
Trd, 863558.618, 86
Trd, 863558.868, 86
Trd, 863559.268, 101
Trd, 863559.301, 118
Trd, 863560.718, 121
Trd, 863560.768, 107
Trd, 863561.184, 108
Trd, 863561.268, 106
Trd, 863561.401, 117
Trd, 863561.418, 93
Trd, 863561.818, 120
Trd, 863562.284, 100
Trd, 863562.718, 116
Trd, 863562.801, 115
Trd, 863563.201, 95
Trd, 863563.384, 115
Trd, 863563.901, 97
Trd, 863563.984, 127
Trd, 863564.218, 95
Trd, 863564.268, 90
Trd, 863565.384, 105
Trd, 863566.368, 105
Trd, 863566.718, 98
Trd, 863567.168, 119
Trd, 863567.584, 92
Trd, 863567.968, 116
Trd, 863568.184, 92
Trd, 863568.568, 93
Trd, 863568.668, 91
Trd, 863568.751, 94
Trd, 863568.951, 100
Trd, 863569.301, 92
Trd, 863569.518, 91
Trd, 863569.618, 88
Trd, 863569.934, 88
Trd, 863569.951, 99
Trd, 863570.551, 91
Trd, 863571.001, 106
Trd, 863571.151, 91
Trd, 863571.418, 91
Trd, 863572.518, 98
Trd, 863572.701, 107
Trd, 863573.151, 110
Trd, 863573.451, 120
Trd, 863574.168, 110
Trd, 863574.301, 115
Trd, 863574.434, 98
Trd, 863574.484, 97
Trd, 863574.668, 97
Trd, 863575.651, 100
Trd, 863575.701, 109
Trd, 863575.901, 119
Trd, 863576.568, 115
Trd, 863576.584, 111
Trd, 863576.968, 99
Trd, 863577.468, 105
Trd, 863577.618, 97
Trd, 863577.734, 95
Trd, 863578.051, 108
Trd, 863578.268, 93
Trd, 863578.784, 90
Trd, 863579.934, 94
Trd, 863580.251, 95
Trd, 863580.284, 94
Trd, 863580.784, 94
Trd, 863580.934, 95
Trd, 863581.084, 93
Trd, 863581.101, 96
Trd, 863581.601, 106
Trd, 863581.968, 95
Trd, 863582.134, 89
Trd, 863582.584, 94
Trd, 863582.968, 112
Trd, 863583.001, 126
Trd, 863583.418, 112
Trd, 863583.868, 95
Trd, 863584.168, 79
Trd, 863584.768, 106
Trd, 863585.134, 87
Trd, 863585.168, 86
Trd, 863585.634, 90
Trd, 863585.934, 96
Trd, 863586.351, 104
Trd, 863586.468, 88
Trd, 863587.018, 88
Trd, 863587.751, 99
Trd, 863587.868, 98
Trd, 863588.501, 114
Trd, 863588.951, 106
Trd, 863589.251, 102
Trd, 863589.284, 114
Trd, 863589.518, 103
Trd, 863589.534, 101
Trd, 863589.734, 120
Trd, 863590.434, 85
Trd, 863590.484, 80
Trd, 863591.151, 93
Trd, 863591.201, 112
Trd, 863591.584, 107
Trd, 863591.868, 115
Trd, 863592.084, 106
Trd, 863592.118, 95
Trd, 863592.784, 118
Trd, 863592.934, 99
Trd, 863593.568, 110
Trd, 863594.001, 106
Trd, 863594.301, 96
Trd, 863594.551, 120
Trd, 863594.684, 111
Trd, 863594.984, 93
Trd, 863595.418, 99
Trd, 863596.068, 93
Trd, 863596.418, 92
Trd, 863596.634, 116
Trd, 863597.201, 98
Trd, 863597.618, 104
Trd, 863597.718, 109
Trd, 863598.101, 95
Trd, 863598.584, 86
Trd, 863598.601, 105
Trd, 863598.951, 93
Trd, 863599.134, 85
Trd, 863599.618, 88
Trd, 863600.068, 100
Trd, 863600.951, 90
Trd, 863601.234, 88
Trd, 863601.284, 79
Trd, 863601.801, 97
Trd, 863602.201, 98
Trd, 863602.368, 108
Trd, 863602.601, 83
Trd, 863603.268, 93
Trd, 863603.318, 112
Trd, 863603.368, 82
Trd, 863603.518, 76
Trd, 863603.551, 84
Trd, 863603.668, 98
Trd, 863604.251, 112
Trd, 863605.284, 104
Trd, 863605.384, 104
Trd, 863606.334, 105
Trd, 863606.351, 103
Trd, 863606.368, 85
Trd, 863606.768, 87
Trd, 863606.818, 108
Trd, 863607.284, 86
Trd, 863607.784, 96
Trd, 863607.818, 90
Trd, 863608.168, 90
Trd, 863608.401, 106
Trd, 863608.868, 95
Trd, 863609.068, 94
Trd, 863609.101, 96
Trd, 863609.201, 110
Trd, 863609.284, 101
Trd, 863610.651, 102
Trd, 863610.718, 110
Trd, 863611.268, 118
Trd, 863611.334, 102
Trd, 863611.418, 102
Trd, 863611.434, 101
Trd, 863611.618, 97
Trd, 863611.918, 113
Trd, 863612.518, 112
Trd, 863612.701, 93
Trd, 863613.134, 98
Trd, 863613.168, 91
Trd, 863613.651, 110
Trd, 863614.118, 110
Trd, 863614.234, 107
Trd, 863614.534, 119
Trd, 863614.551, 94
Trd, 863614.618, 93
Trd, 863614.684, 90
Trd, 863615.151, 119
Trd, 863616.018, 94
Trd, 863616.118, 107
Trd, 863617.284, 90
Trd, 863617.684, 96
Trd, 863617.884, 90
Trd, 863618.551, 101
Trd, 863618.584, 98
Trd, 863618.801, 93
Trd, 863619.018, 93
Trd, 863619.101, 101
Trd, 863619.301, 110
Trd, 863619.734, 109
Trd, 863620.601, 120
Trd, 863620.901, 106
Trd, 863621.034, 94
Trd, 863621.651, 94
Trd, 863621.868, 83
Trd, 863622.251, 96
Trd, 863622.801, 111
Trd, 863623.468, 98
Trd, 863623.868, 109
Trd, 863623.918, 111
Trd, 863623.968, 99
Trd, 863624.118, 98
Trd, 863624.418, 97
Trd, 863624.751, 106
Trd, 863625.134, 98
Trd, 863625.434, 95
Trd, 863626.101, 95
Trd, 863626.284, 94
Trd, 863626.351, 106
Trd, 863626.684, 97
Trd, 863627.134, 114
Trd, 863628.068, 116
Trd, 863628.118, 114
Trd, 863628.334, 119
Trd, 863628.584, 99
Trd, 863629.168, 96
Trd, 863629.268, 95
Trd, 863629.584, 97
Trd, 863630.201, 96
Trd, 863630.484, 97
Trd, 863630.918, 97
Trd, 863631.151, 98
Trd, 863631.301, 95
Trd, 863631.518, 108
Trd, 863631.751, 93
Trd, 863631.818, 92
Trd, 863631.868, 116
Trd, 863632.968, 106
Trd, 863633.068, 105
Trd, 863633.101, 120
Trd, 863633.218, 104
Trd, 863633.801, 91
Trd, 863633.951, 91
Trd, 863634.151, 103
Trd, 863634.851, 106
Trd, 863635.551, 98
Trd, 863635.901, 95
Trd, 863636.801, 109
Trd, 863637.418, 96
Trd, 863638.134, 94
Trd, 863638.268, 98
Trd, 863638.418, 99
Trd, 863638.451, 97
Trd, 863638.784, 118
Trd, 863639.034, 107
Trd, 863639.084, 96
Trd, 863639.318, 105
Trd, 863639.618, 115
Trd, 863639.984, 119
Trd, 863640.951, 107
Trd, 863641.001, 120
Trd, 863641.151, 120
Trd, 863641.268, 105
Trd, 863641.418, 106
Trd, 863641.434, 104
Trd, 863641.468, 108
Trd, 863641.518, 118
Trd, 863641.918, 120
Trd, 863642.651, 97
Trd, 863642.918, 96
Trd, 863642.934, 95
Trd, 863643.218, 92
Trd, 863643.451, 92
Trd, 863644.184, 96
Trd, 863644.268, 95
Trd, 863644.651, 122
Trd, 863645.418, 105
Trd, 863646.884, 98
Trd, 863647.151, 94
Trd, 863647.518, 93
Trd, 863647.601, 108
Trd, 863647.684, 97
Trd, 863648.034, 118
Trd, 863648.184, 90
Trd, 863648.284, 90
Trd, 863648.918, 84
Trd, 863649.051, 79
Trd, 863649.068, 109
Trd, 863649.218, 87
Trd, 863649.368, 80
Trd, 863650.268, 96
Trd, 863650.401, 97
Trd, 863650.601, 120
Trd, 863651.168, 120
Trd, 863651.268, 104
Trd, 863651.318, 117
Trd, 863651.401, 91
Trd, 863651.618, 92
Trd, 863651.734, 105
Trd, 863651.751, 91
Trd, 863652.001, 90
Trd, 863653.051, 111
Trd, 863654.084, 106
Trd, 863654.334, 99
Trd, 863655.151, 98
Trd, 863655.268, 93
Trd, 863655.984, 91
Trd, 863656.118, 90
Trd, 863656.234, 105
Trd, 863656.468, 106
Trd, 863656.584, 120
Trd, 863656.884, 109
Trd, 863657.384, 106
Trd, 863657.434, 93
Trd, 863658.634, 94
Trd, 863658.751, 110
Trd, 863658.918, 92
Trd, 863659.451, 96
Trd, 863659.651, 104
Trd, 863660.268, 117
Trd, 863660.334, 102
Trd, 863661.018, 107
Trd, 863661.118, 97
Trd, 863661.368, 120
Trd, 863661.468, 93
Trd, 863662.201, 107
Trd, 863662.584, 96
Trd, 863662.651, 96
Trd, 863662.684, 95
Trd, 863663.451, 103
Trd, 863663.768, 97
Trd, 863664.284, 94
Trd, 863664.568, 100
Trd, 863664.851, 95
Trd, 863664.934, 94
Trd, 863665.401, 105
Trd, 863665.468, 93
Trd, 863665.801, 91
Trd, 863666.384, 90
Trd, 863666.401, 89
Trd, 863666.418, 103
Trd, 863667.051, 87
Trd, 863667.368, 96
Trd, 863667.434, 101
Trd, 863667.684, 117
Trd, 863668.218, 110
Trd, 863668.351, 105
Trd, 863668.651, 97
Trd, 863669.051, 106
Trd, 863670.001, 105
Trd, 863670.051, 100
Trd, 863670.418, 98
Trd, 863670.551, 95
Trd, 863670.951, 93
Trd, 863670.968, 90
Trd, 863671.134, 85
Trd, 863671.151, 107
Trd, 863671.234, 108
Trd, 863671.418, 120
Trd, 863671.968, 79
Trd, 863672.634, 80
Trd, 863673.134, 91
Trd, 863673.151, 92
Trd, 863673.351, 98
Trd, 863673.801, 98
Trd, 863674.618, 112
Trd, 863674.801, 113
Trd, 863675.351, 98
Trd, 863675.734, 95
Trd, 863675.818, 109
Trd, 863675.901, 125
Trd, 863676.501, 96
Trd, 863676.618, 95
Trd, 863677.268, 99
Trd, 863677.284, 98
Trd, 863677.651, 87
Trd, 863677.684, 95
Trd, 863677.851, 107
Trd, 863677.934, 115
Trd, 863678.218, 106
Trd, 863678.518, 106
Trd, 863679.218, 107
Trd, 863679.784, 95
Trd, 863680.034, 93
Trd, 863680.234, 94
Trd, 863680.268, 93
Trd, 863680.801, 117
Trd, 863681.051, 93
Trd, 863681.301, 111
Trd, 863681.368, 90
Trd, 863681.851, 79
Trd, 863682.184, 83
Trd, 863682.434, 83
Trd, 863682.501, 86
Trd, 863682.918, 88
Trd, 863683.568, 85
Trd, 863684.168, 98
Trd, 863684.418, 103
Trd, 863685.368, 94
Trd, 863685.401, 105
Trd, 863685.801, 106
Trd, 863686.118, 100
Trd, 863686.468, 97
Trd, 863686.734, 98
Trd, 863686.851, 97
Trd, 863687.001, 106
Trd, 863687.434, 99
Trd, 863687.584, 98
Trd, 863687.768, 101
Trd, 863687.801, 111
Trd, 863688.801, 117
Trd, 863688.851, 116
Trd, 863689.634, 114
Trd, 863689.751, 118
Trd, 863690.334, 114
Trd, 863690.734, 98
Trd, 863691.051, 106
Trd, 863691.084, 97
Trd, 863691.168, 113
Trd, 863691.901, 96
Trd, 863692.584, 95
Trd, 863692.734, 88
Trd, 863693.134, 93
Trd, 863693.434, 98
Trd, 863694.201, 83
Trd, 863694.401, 85
Trd, 863694.618, 89
Trd, 863695.868, 105
Trd, 863696.218, 104
Trd, 863696.351, 107
Trd, 863696.451, 95
Trd, 863696.484, 93
Trd, 863696.568, 115
Trd, 863696.934, 114
Trd, 863697.934, 106
Trd, 863698.068, 100
Trd, 863698.201, 98
Trd, 863698.451, 95
Trd, 863698.784, 100
Trd, 863699.001, 93
Trd, 863699.401, 98
Trd, 863699.518, 106
Trd, 863700.551, 109
Trd, 863701.068, 93
Trd, 863701.234, 114
Trd, 863701.401, 94
Trd, 863701.718, 114
Trd, 863702.451, 104
Trd, 863702.534, 103
Trd, 863702.901, 96
Trd, 863703.284, 115
Trd, 863703.534, 95
Trd, 863703.601, 119
Trd, 863704.118, 111
Trd, 863704.734, 106
Trd, 863705.018, 114
Trd, 863705.068, 104
Trd, 863705.634, 117
Trd, 863705.884, 97
Trd, 863705.934, 96
Trd, 863706.218, 114
Trd, 863706.301, 119
Trd, 863706.501, 97
Trd, 863706.968, 111
Trd, 863707.551, 109
Trd, 863708.351, 107
Trd, 863708.368, 106
Trd, 863709.401, 95
Trd, 863710.084, 106
Trd, 863710.401, 106
Trd, 863710.534, 103
Trd, 863710.801, 106
Trd, 863710.818, 107
Trd, 863711.068, 120
Trd, 863711.101, 121
Trd, 863711.401, 92
Trd, 863711.534, 98
Trd, 863711.618, 91
Trd, 863711.801, 98
Trd, 863712.334, 88
Trd, 863713.251, 89
Trd, 863713.301, 93
Trd, 863713.651, 106
Trd, 863713.968, 89
Trd, 863714.234, 90
Trd, 863714.401, 117
Trd, 863715.201, 120
Trd, 863715.401, 86
Trd, 863715.668, 114
Trd, 863715.984, 93
Trd, 863716.151, 92
Trd, 863717.168, 97
Trd, 863717.834, 99
Trd, 863718.001, 106
Trd, 863718.384, 98
Trd, 863718.468, 97
Trd, 863718.834, 89
Trd, 863719.368, 103
Trd, 863719.968, 90
Trd, 863720.051, 89
Trd, 863720.218, 109
Trd, 863720.734, 87
Trd, 863720.784, 87
Trd, 863721.118, 106
Trd, 863721.334, 120
Trd, 863721.484, 80
Trd, 863721.584, 88
Trd, 863721.818, 102
Trd, 863722.034, 108
Trd, 863722.218, 97
Trd, 863722.351, 79
Trd, 863723.034, 111
Trd, 863724.118, 112
Trd, 863724.168, 103
Trd, 863724.201, 113
Trd, 863724.984, 103
Trd, 863725.201, 102
Trd, 863725.934, 110
Trd, 863726.701, 120
Trd, 863727.118, 108
Trd, 863727.268, 112
Trd, 863727.401, 106
Trd, 863727.634, 121
Trd, 863727.684, 105
Trd, 863727.884, 116
Trd, 863728.568, 99
Trd, 863728.984, 98
Trd, 863729.851, 104
Trd, 863729.884, 112
Trd, 863729.934, 94
Trd, 863730.234, 95
Trd, 863730.768, 96
Trd, 863731.018, 95
Trd, 863731.034, 90
Trd, 863731.318, 100
Trd, 863731.668, 105
Trd, 863731.851, 110
Trd, 863732.218, 78
Trd, 863732.801, 107
Trd, 863733.518, 98
Trd, 863733.684, 118
Trd, 863733.801, 96
Trd, 863734.018, 98
Trd, 863734.434, 115
Trd, 863734.934, 106
Trd, 863735.451, 106
Trd, 863735.951, 111
Trd, 863736.201, 112
Trd, 863736.851, 109
Trd, 863737.101, 105
Trd, 863737.434, 104
Trd, 863737.534, 95
Trd, 863738.001, 100
Trd, 863738.568, 99
Trd, 863738.768, 95
Trd, 863738.784, 106
Trd, 863739.018, 90
Trd, 863739.451, 110
Trd, 863739.584, 117
Trd, 863739.601, 98
Trd, 863739.651, 88
Trd, 863739.751, 120
Trd, 863740.301, 87
Trd, 863740.401, 109
Trd, 863740.634, 115
Trd, 863740.718, 118
Trd, 863741.501, 96
Trd, 863741.651, 97
Trd, 863742.234, 93
Trd, 863742.351, 87
Trd, 863742.434, 86
Trd, 863743.101, 108
Trd, 863743.518, 121
Trd, 863743.768, 105
Trd, 863744.668, 96
Trd, 863744.734, 95
Trd, 863745.518, 98
Trd, 863745.568, 96
Trd, 863746.351, 98
Trd, 863746.651, 98
Trd, 863746.918, 111
Trd, 863747.001, 116
Trd, 863747.351, 116
Trd, 863747.668, 115
Trd, 863747.984, 96
Trd, 863748.318, 105
Trd, 863748.368, 117
Trd, 863748.434, 118
Trd, 863748.751, 96
Trd, 863749.018, 95
Trd, 863749.801, 93
Trd, 863749.884, 106
Trd, 863750.051, 91
Trd, 863750.484, 90
Trd, 863750.634, 85
Trd, 863751.468, 110
Trd, 863751.551, 113
Trd, 863752.184, 115
Trd, 863752.884, 96
Trd, 863753.518, 115
Trd, 863753.984, 105
Trd, 863754.001, 100
Trd, 863754.184, 99
Trd, 863754.751, 99
Trd, 863755.018, 108
Trd, 863755.118, 100
Trd, 863755.201, 99
Trd, 863755.301, 98
Trd, 863755.868, 95
Trd, 863756.151, 107
Trd, 863756.851, 93
Trd, 863757.451, 113
Trd, 863757.968, 107
Trd, 863758.018, 106
Trd, 863758.234, 95
Trd, 863758.334, 94
Trd, 863758.518, 94
Trd, 863758.551, 93
Trd, 863759.601, 108
Trd, 863759.901, 110
Trd, 863760.218, 106
Trd, 863760.384, 98
Trd, 863760.818, 117
Trd, 863761.484, 118
Trd, 863762.384, 118
Trd, 863763.168, 100
Trd, 863763.201, 110
Trd, 863763.918, 111
Trd, 863763.934, 102
Trd, 863764.134, 112
Trd, 863764.501, 102
Trd, 863764.668, 103
Trd, 863764.951, 105
Trd, 863764.968, 106
Trd, 863765.318, 118
Trd, 863765.351, 105
Trd, 863765.468, 99
Trd, 863765.501, 98
Trd, 863765.634, 97
Trd, 863765.934, 97
Trd, 863766.201, 110
Trd, 863766.868, 97
Trd, 863767.084, 95
Trd, 863767.618, 93
Trd, 863768.068, 90
Trd, 863768.118, 117
Trd, 863768.368, 106
Trd, 863768.951, 87
Trd, 863769.068, 95
Trd, 863769.201, 86
Trd, 863769.668, 110
Trd, 863769.784, 82
Trd, 863770.051, 87
Trd, 863770.384, 96
Trd, 863770.518, 115
Trd, 863771.268, 87
Trd, 863772.284, 100
Trd, 863772.368, 99
Trd, 863772.718, 116
Trd, 863773.151, 113
Trd, 863773.484, 99
Trd, 863773.601, 98
Trd, 863773.801, 96
Trd, 863773.918, 95
Trd, 863774.551, 94
Trd, 863775.218, 93
Trd, 863775.884, 107
Trd, 863775.901, 117
Trd, 863776.101, 105
Trd, 863776.401, 95
Trd, 863776.634, 92
Trd, 863776.668, 84
Trd, 863777.434, 98
Trd, 863777.768, 98
Trd, 863778.068, 107
Trd, 863778.301, 98
Trd, 863779.034, 96
Trd, 863779.401, 96
Trd, 863779.451, 100
Trd, 863779.768, 109
Trd, 863779.868, 99
Trd, 863780.051, 96
Trd, 863780.418, 94
Trd, 863781.051, 94
Trd, 863781.368, 97
Trd, 863781.551, 90
Trd, 863782.334, 105
Trd, 863782.401, 93
Trd, 863782.418, 106
Trd, 863782.534, 79
Trd, 863783.418, 89
Trd, 863783.634, 103
Trd, 863783.734, 114
Trd, 863783.968, 92
Trd, 863784.701, 113
Trd, 863784.718, 107
Trd, 863785.001, 106
Trd, 863785.368, 95
Trd, 863786.784, 95
Trd, 863786.801, 100
Trd, 863787.134, 92
Trd, 863787.418, 108
Trd, 863788.101, 110
Trd, 863788.351, 109
Trd, 863788.368, 110
Trd, 863789.234, 110
Trd, 863789.334, 111
Trd, 863789.684, 120
Trd, 863789.784, 109
Trd, 863789.951, 115
Trd, 863790.134, 106
Trd, 863790.551, 95
Trd, 863790.751, 98
Trd, 863791.284, 92
Trd, 863791.418, 105
Trd, 863792.034, 95
Trd, 863792.418, 96
Trd, 863792.618, 106
Trd, 863792.701, 109
Trd, 863793.118, 110
Trd, 863793.318, 115
Trd, 863793.351, 114
Trd, 863793.868, 102
Trd, 863794.151, 118
Trd, 863794.384, 98
Trd, 863794.918, 97
Trd, 863795.218, 100
Trd, 863795.434, 101
Trd, 863795.618, 96
Trd, 863795.684, 95
Trd, 863796.201, 102
Trd, 863796.568, 104
Trd, 863796.634, 97
Trd, 863796.851, 102
Trd, 863797.168, 119
Trd, 863798.301, 92
Trd, 863799.001, 98
Trd, 863799.134, 92
Trd, 863799.351, 116
Trd, 863799.601, 120
Trd, 863800.068, 94
Trd, 863800.118, 91
Trd, 863800.451, 83
Trd, 863801.084, 108
Trd, 863801.168, 94
Trd, 863801.801, 122
Trd, 863801.851, 115
Trd, 863802.018, 103
Trd, 863802.151, 98
Trd, 863803.068, 110
Trd, 863804.268, 107
Trd, 863804.418, 112
Trd, 863805.018, 109
Trd, 863805.068, 108
Trd, 863805.284, 104
Trd, 863805.384, 95
Trd, 863805.651, 107
Trd, 863805.884, 95
Trd, 863806.668, 115
Trd, 863806.918, 106
Trd, 863807.084, 104
Trd, 863807.134, 94
Trd, 863808.168, 89
Trd, 863808.601, 98
Trd, 863809.068, 98
Trd, 863809.284, 106
Trd, 863809.301, 91
Trd, 863809.551, 104
Trd, 863809.601, 112
Trd, 863809.918, 112
Trd, 863810.134, 115
Trd, 863810.184, 118
Trd, 863810.218, 120
Trd, 863810.368, 123
Trd, 863810.651, 104
Trd, 863811.768, 103
Trd, 863812.051, 126
Trd, 863812.518, 92
Trd, 863812.851, 92
Trd, 863813.051, 94
Trd, 863813.451, 90
Trd, 863814.068, 99
Trd, 863814.301, 106
Trd, 863814.601, 94
Trd, 863815.234, 96
Trd, 863815.551, 106
Trd, 863815.801, 112
Trd, 863816.051, 118
Trd, 863816.184, 98
Trd, 863816.834, 99
Trd, 863817.701, 97
Trd, 863818.151, 99
Trd, 863818.418, 97
Trd, 863818.718, 96
Trd, 863818.868, 94
Trd, 863819.084, 97
Trd, 863819.201, 109
Trd, 863819.301, 115
Trd, 863819.684, 93
Trd, 863819.901, 89
Trd, 863820.168, 120
Trd, 863820.518, 114
Trd, 863820.701, 98
Trd, 863820.918, 86
Trd, 863821.551, 93
Trd, 863821.851, 86
Trd, 863822.268, 94
Trd, 863823.284, 98
Trd, 863823.518, 97
Trd, 863823.634, 95
Trd, 863824.534, 100
Trd, 863824.901, 102
Trd, 863825.134, 110
Trd, 863825.384, 107
Trd, 863825.584, 107
Trd, 863825.634, 112
Trd, 863825.951, 107
Trd, 863826.134, 109
Trd, 863827.234, 91
Trd, 863827.918, 92
Trd, 863827.951, 100
Trd, 863828.318, 86
Trd, 863828.351, 106
Trd, 863828.434, 112
Trd, 863828.484, 116
Trd, 863828.601, 96
Trd, 863829.234, 86
Trd, 863829.268, 85
Trd, 863829.618, 93
Trd, 863830.018, 110
Trd, 863830.534, 117
Trd, 863831.101, 117
Trd, 863831.268, 115
Trd, 863831.318, 109
Trd, 863831.468, 120
Trd, 863832.151, 95
Trd, 863832.451, 96
Trd, 863832.884, 109
Trd, 863833.251, 107
Trd, 863833.734, 95
Trd, 863834.101, 94
Trd, 863834.201, 102
Trd, 863834.434, 105
Trd, 863834.684, 93
Trd, 863834.984, 110
Trd, 863835.134, 92
Trd, 863836.334, 99
Trd, 863836.568, 109
Trd, 863836.818, 99
Trd, 863836.934, 85
Trd, 863837.484, 107
Trd, 863837.868, 120
Trd, 863838.068, 115
Trd, 863839.018, 99
Trd, 863839.268, 107
Trd, 863839.501, 106
Trd, 863839.551, 97
Trd, 863840.034, 95
Trd, 863840.634, 93
Trd, 863840.784, 107
Trd, 863841.068, 105
Trd, 863841.484, 111
Trd, 863841.601, 113
Trd, 863841.784, 117
Trd, 863842.084, 102
Trd, 863842.434, 97
Trd, 863842.768, 119
Trd, 863843.001, 96
Trd, 863843.168, 94
Trd, 863843.418, 90
Trd, 863844.518, 94
Trd, 863844.768, 96
Trd, 863845.151, 95
Trd, 863846.168, 100
Trd, 863846.318, 99
Trd, 863846.551, 98
Trd, 863847.634, 96
Trd, 863847.668, 98
Trd, 863848.068, 95
Trd, 863848.251, 100
Trd, 863848.451, 95
Trd, 863848.901, 103
Trd, 863849.134, 108
Trd, 863849.151, 90
Trd, 863849.884, 106
Trd, 863850.234, 117
Trd, 863850.384, 99
Trd, 863850.434, 98
Trd, 863850.751, 115
Trd, 863851.684, 106
Trd, 863851.768, 105
Trd, 863852.334, 110
Trd, 863852.501, 104
Trd, 863852.934, 104
Trd, 863852.951, 98
Trd, 863853.168, 90
Trd, 863853.284, 120
Trd, 863854.451, 93
Trd, 863854.818, 108
Trd, 863855.284, 90
Trd, 863855.518, 118
Trd, 863856.401, 110
Trd, 863856.468, 109
Trd, 863856.584, 107
Trd, 863856.701, 114
Trd, 863856.934, 112
Trd, 863857.634, 112
Trd, 863857.651, 103
Trd, 863857.968, 102
Trd, 863858.651, 112
Trd, 863858.784, 117
Trd, 863859.268, 105
Trd, 863859.384, 102
Trd, 863859.534, 96
Trd, 863859.601, 95
Trd, 863860.251, 103
Trd, 863861.001, 100
Trd, 863861.251, 104
Trd, 863861.401, 98
Trd, 863861.468, 93
Trd, 863861.501, 88
Trd, 863862.251, 97
Trd, 863862.818, 83
Trd, 863863.418, 117
Trd, 863863.701, 120
Trd, 863863.884, 119
Trd, 863863.984, 100
Trd, 863864.518, 106
Trd, 863864.701, 113
Trd, 863864.718, 99
Trd, 863865.518, 98
Trd, 863865.634, 104
Trd, 863865.751, 98
Trd, 863865.984, 95
Trd, 863866.334, 89
Trd, 863866.668, 99
Trd, 863866.684, 118
Trd, 863866.851, 118
Trd, 863866.951, 120
Trd, 863868.184, 98
Trd, 863868.251, 97
Trd, 863868.718, 94
Trd, 863868.918, 96
Trd, 863869.334, 95
Trd, 863869.368, 94
Trd, 863869.384, 102
Trd, 863869.401, 105
Trd, 863870.768, 98
Trd, 863870.818, 109
Trd, 863871.518, 105
Trd, 863871.684, 108
Trd, 863871.984, 99
Trd, 863872.884, 99
Trd, 863872.918, 93
Trd, 863873.568, 103
Trd, 863874.001, 106
Trd, 863874.334, 99
Trd, 863874.584, 109
Trd, 863875.068, 100
Trd, 863875.168, 99
Trd, 863875.501, 98
Trd, 863875.801, 110
Trd, 863875.918, 95
Trd, 863876.351, 114
Trd, 863876.451, 117
Trd, 863877.001, 116
Trd, 863877.084, 93
Trd, 863877.284, 91
Trd, 863877.368, 81
Trd, 863877.884, 94
Trd, 863878.634, 113
Trd, 863878.801, 98
Trd, 863879.618, 107
Trd, 863880.184, 117
Trd, 863880.384, 106
Trd, 863881.184, 120
Trd, 863881.268, 120
Trd, 863881.418, 115
Trd, 863881.434, 109
Trd, 863881.551, 108
Trd, 863881.584, 106
Trd, 863882.501, 123
Trd, 863882.751, 106
Trd, 863882.984, 106
Trd, 863883.201, 107
Trd, 863884.018, 110
Trd, 863884.351, 119
Trd, 863884.518, 106
Trd, 863885.151, 105
Trd, 863885.568, 115
Trd, 863885.734, 117
Trd, 863886.201, 99
Trd, 863886.584, 97
Trd, 863887.051, 95
Trd, 863887.218, 107
Trd, 863887.401, 114
Trd, 863888.401, 113
Trd, 863888.784, 95
Trd, 863888.801, 118
Trd, 863888.884, 120
Trd, 863888.984, 95
Trd, 863889.184, 93
Trd, 863889.268, 109
Trd, 863890.168, 107
Trd, 863890.318, 105
Trd, 863890.634, 97
Trd, 863890.951, 99
Trd, 863891.101, 118
Trd, 863891.551, 100
Trd, 863892.634, 103
Trd, 863893.801, 105
Trd, 863894.218, 103
Trd, 863894.501, 103
Trd, 863894.518, 98
Trd, 863894.634, 97
Trd, 863894.668, 92
Trd, 863895.068, 105
Trd, 863895.151, 106
Trd, 863895.468, 97
Trd, 863895.751, 93
Trd, 863895.918, 120
Trd, 863896.134, 93
Trd, 863896.151, 93
Trd, 863896.418, 90
Trd, 863896.451, 124
Trd, 863896.668, 79
Trd, 863897.184, 112
Trd, 863897.668, 104
Trd, 863897.718, 116
Trd, 863897.884, 95
Trd, 863898.401, 131
Trd, 863898.518, 117
Trd, 863899.018, 114
Trd, 863899.051, 95
Trd, 863899.951, 112
Trd, 863900.768, 106
Trd, 863900.818, 104
Trd, 863902.084, 106
Trd, 863902.101, 104
Trd, 863902.118, 107
Trd, 863902.234, 97
Trd, 863902.384, 109
Trd, 863902.834, 120
Trd, 863903.368, 115
Trd, 863903.651, 107
Trd, 863903.834, 106
Trd, 863904.101, 96
Trd, 863904.201, 95
Trd, 863904.834, 114
Trd, 863905.151, 106
Trd, 863905.301, 97
Trd, 863905.601, 107
Trd, 863906.334, 94
Trd, 863906.434, 98
Trd, 863906.484, 124
Trd, 863906.634, 106
Trd, 863906.984, 93
Trd, 863907.018, 93
Trd, 863907.184, 90
Trd, 863908.451, 105
Trd, 863909.184, 96
Trd, 863909.801, 93
Trd, 863909.868, 93
Trd, 863909.968, 97
Trd, 863910.334, 94
Trd, 863910.534, 93
Trd, 863910.751, 96
Trd, 863910.784, 110
Trd, 863911.101, 94
Trd, 863911.984, 96
Trd, 863912.118, 95
Trd, 863912.984, 95
Trd, 863913.684, 106
Trd, 863913.784, 114
Trd, 863913.834, 92
Trd, 863914.284, 97
Trd, 863914.301, 93
Trd, 863915.351, 107
Trd, 863915.468, 98
Trd, 863916.168, 94
Trd, 863916.284, 92
Trd, 863916.301, 104
Trd, 863916.501, 105
Trd, 863916.918, 98
Trd, 863917.884, 97
Trd, 863918.251, 93
Trd, 863919.084, 92
Trd, 863919.318, 107
Trd, 863919.551, 93
Trd, 863919.651, 118
Trd, 863919.734, 94
Trd, 863920.034, 101
Trd, 863920.301, 119
Trd, 863920.451, 95
Trd, 863920.651, 95
Trd, 863920.768, 120
Trd, 863921.384, 97
Trd, 863921.401, 95
Trd, 863921.434, 92
Trd, 863922.268, 111
Trd, 863922.318, 92
Trd, 863922.501, 107
Trd, 863922.568, 119
Trd, 863923.151, 122
Trd, 863923.201, 98
Trd, 863923.918, 96
Trd, 863924.118, 96
Trd, 863924.784, 95
Trd, 863924.801, 101
Trd, 863924.851, 109
Trd, 863925.118, 92
Trd, 863926.101, 94
Trd, 863926.418, 93
Trd, 863926.734, 94
Trd, 863927.818, 92
Trd, 863928.101, 93
Trd, 863928.251, 94
Trd, 863928.334, 88
Trd, 863928.401, 101
Trd, 863928.618, 79
Trd, 863928.984, 89
Trd, 863929.001, 75
Trd, 863929.218, 108
Trd, 863929.684, 111
Trd, 863930.251, 115
Trd, 863930.501, 107
Trd, 863931.968, 110
Trd, 863932.068, 107
Trd, 863932.584, 106
Trd, 863932.901, 99
Trd, 863933.118, 99
Trd, 863933.768, 99
Trd, 863934.118, 98
Trd, 863934.218, 104
Trd, 863934.818, 108
Trd, 863935.168, 101
Trd, 863935.351, 110
Trd, 863935.451, 117
Trd, 863935.551, 120
Trd, 863935.751, 96
Trd, 863936.068, 108
Trd, 863936.201, 109
Trd, 863936.418, 96
Trd, 863936.518, 95
Trd, 863936.751, 102
Trd, 863936.868, 95
Trd, 863936.901, 93
Trd, 863937.418, 91
Trd, 863937.901, 102
Trd, 863938.668, 95
Trd, 863938.918, 98
Trd, 863939.751, 93
Trd, 863939.768, 102
Trd, 863939.934, 91
Trd, 863940.201, 99
Trd, 863940.568, 109
Trd, 863940.884, 118
Trd, 863940.934, 120
Trd, 863941.684, 113
Trd, 863941.768, 124
Trd, 863942.351, 98
Trd, 863942.384, 106
Trd, 863942.401, 98
Trd, 863942.951, 100
Trd, 863943.234, 100
Trd, 863943.651, 110
Trd, 863943.934, 100
Trd, 863944.301, 107
Trd, 863945.118, 105
Trd, 863945.501, 98
Trd, 863945.751, 109
Trd, 863946.668, 114
Trd, 863946.701, 95
Trd, 863947.051, 95
Trd, 863947.068, 93
Trd, 863948.384, 97
Trd, 863948.851, 96
Trd, 863949.068, 95
Trd, 863949.368, 98
Trd, 863949.401, 106
Trd, 863949.668, 93
Trd, 863949.734, 106
Trd, 863950.118, 109
Trd, 863950.301, 117
Trd, 863950.651, 94
Trd, 863951.401, 105
Trd, 863951.901, 98
Trd, 863952.184, 107
Trd, 863952.818, 110
Trd, 863952.968, 97
Trd, 863953.168, 95
Trd, 863953.368, 98
Trd, 863953.718, 112
Trd, 863953.934, 117
Trd, 863954.768, 105
Trd, 863955.051, 107
Trd, 863955.168, 106
Trd, 863955.184, 104
Trd, 863955.218, 120
Trd, 863955.968, 95
Trd, 863956.351, 93
Trd, 863956.434, 88
Trd, 863957.384, 96
Trd, 863957.434, 97
Trd, 863957.918, 106
Trd, 863958.701, 106
Trd, 863958.734, 107
Trd, 863959.018, 110
Trd, 863959.351, 107
Trd, 863959.451, 107
Trd, 863959.818, 105
Trd, 863960.118, 104
Trd, 863960.584, 115
Trd, 863960.618, 102
Trd, 863961.418, 99
Trd, 863962.068, 103
Trd, 863962.134, 115
Trd, 863962.284, 101
Trd, 863962.334, 100
Trd, 863962.668, 98
Trd, 863963.851, 99
Trd, 863964.034, 95
Trd, 863965.084, 120
Trd, 863965.401, 113
Trd, 863965.418, 117
Trd, 863965.451, 112
Trd, 863965.484, 105
Trd, 863965.634, 111
Trd, 863965.734, 104
Trd, 863966.168, 117
Trd, 863966.518, 106
Trd, 863966.601, 124
Trd, 863966.651, 95
Trd, 863966.718, 93
Trd, 863967.001, 93
Trd, 863967.251, 115
Trd, 863967.534, 90
Trd, 863967.651, 120
Trd, 863968.901, 115
Trd, 863969.768, 90
Trd, 863970.018, 90
Trd, 863970.284, 88
Trd, 863970.368, 119
Trd, 863970.584, 85
Trd, 863970.751, 97
Trd, 863972.518, 101
Trd, 863972.568, 100
Trd, 863972.584, 89
Trd, 863972.834, 123
Trd, 863973.134, 115
Trd, 863973.168, 109
Trd, 863973.651, 98
Trd, 863973.851, 105
Trd, 863973.884, 109
Trd, 863975.034, 106
Trd, 863975.501, 98
Trd, 863975.534, 97
Trd, 863976.118, 94
Trd, 863976.184, 98
Trd, 863976.818, 120
Trd, 863977.001, 112
Trd, 863977.051, 120
Trd, 863977.284, 84
Trd, 863977.351, 107
Trd, 863977.584, 115
Trd, 863978.451, 93
Trd, 863978.468, 95
Trd, 863978.684, 106
Trd, 863979.168, 93
Trd, 863979.218, 92
Trd, 863979.701, 92
Trd, 863981.168, 98
Trd, 863981.284, 95
Trd, 863981.418, 96
Trd, 863981.568, 107
Trd, 863981.768, 106
Trd, 863982.084, 111
Trd, 863982.318, 118
Trd, 863982.551, 120
Trd, 863982.718, 104
Trd, 863982.768, 104
Trd, 863983.284, 103
Trd, 863983.718, 97
Trd, 863984.634, 94
Trd, 863984.868, 101
Trd, 863985.818, 94
Trd, 863986.018, 98
Trd, 863986.134, 94
Trd, 863986.551, 93
Trd, 863986.818, 90
Trd, 863987.568, 87
Trd, 863987.651, 106
Trd, 863987.718, 86
Trd, 863988.434, 109
Trd, 863988.968, 109
Trd, 863989.701, 106
Trd, 863989.918, 107
Trd, 863990.118, 108
Trd, 863990.534, 107
Trd, 863990.768, 106
Trd, 863990.801, 104
Trd, 863990.851, 107
Trd, 863991.801, 98
Trd, 863992.034, 106
Trd, 863992.468, 98
Trd, 863993.118, 96
Trd, 863993.234, 100
Trd, 863993.718, 111
Trd, 863993.734, 99
Trd, 863993.818, 98
Trd, 863993.901, 95
Trd, 863994.018, 115
Trd, 863994.218, 120
Trd, 863994.401, 114
Trd, 863994.801, 113
Trd, 863994.901, 107
Trd, 863995.034, 106
Trd, 863995.684, 97
Trd, 863995.734, 96
Trd, 863995.934, 122
Trd, 863996.284, 95
Trd, 863996.351, 106
Trd, 863996.851, 86
Trd, 863998.434, 110
Trd, 863998.484, 109
Trd, 863998.784, 105
Trd, 863998.851, 115
Trd, 863999.018, 118
Trd, 863999.068, 114
Trd, 863999.284, 104
Trd, 863999.668, 115
Trd, 863999.951, 120
