Trd, 863306.118, 106
Trd, 863306.251, 117
Trd, 863307.218, 97
Trd, 863307.668, 89
Trd, 863308.051, 95
Trd, 863308.101, 96
Trd, 863308.184, 99
Trd, 863309.334, 96
Trd, 863310.101, 102
Trd, 863310.368, 103
Trd, 863310.634, 103
Trd, 863310.701, 90
Trd, 863310.784, 88
Trd, 863311.401, 94
Trd, 863311.584, 93
Trd, 863311.768, 95
Trd, 863312.318, 111
Trd, 863312.551, 113
Trd, 863312.834, 107
Trd, 863313.234, 99
Trd, 863313.468, 116
Trd, 863314.251, 92
Trd, 863314.384, 95
Trd, 863314.434, 86
Trd, 863314.584, 106
Trd, 863315.084, 115
Trd, 863315.534, 93
Trd, 863316.284, 108
Trd, 863316.384, 109
Trd, 863316.918, 102
Trd, 863316.951, 93
Trd, 863317.818, 112
Trd, 863318.184, 111
Trd, 863319.001, 104
Trd, 863319.151, 113
Trd, 863319.618, 109
Trd, 863320.218, 104
Trd, 863320.734, 114
Trd, 863321.018, 116
Trd, 863321.751, 102
Trd, 863322.001, 102
Trd, 863322.218, 103
Trd, 863322.251, 101
Trd, 863322.434, 95
Trd, 863322.684, 114
Trd, 863322.801, 115
Trd, 863323.651, 116
Trd, 863324.218, 94
Trd, 863324.234, 110
Trd, 863325.134, 95
Trd, 863325.468, 91
Trd, 863325.668, 98
Trd, 863325.701, 106
Trd, 863325.784, 91
Trd, 863326.251, 116
Trd, 863327.068, 100
Trd, 863327.151, 100
Trd, 863327.701, 103
Trd, 863328.301, 103
Trd, 863328.618, 104
Trd, 863330.001, 100
Trd, 863330.551, 97
Trd, 863330.734, 89
Trd, 863330.901, 84
Trd, 863330.968, 83
Trd, 863331.451, 100
Trd, 863332.784, 103
Trd, 863332.851, 105
Trd, 863333.268, 112
Trd, 863334.818, 103
Trd, 863334.984, 101
Trd, 863335.218, 102
Trd, 863335.584, 103
Trd, 863335.968, 107
Trd, 863336.118, 111
Trd, 863336.351, 118
Trd, 863336.484, 107
Trd, 863336.668, 105
Trd, 863336.934, 96
Trd, 863337.051, 107
Trd, 863337.851, 88
Trd, 863338.034, 101
Trd, 863338.384, 81
Trd, 863338.684, 84
Trd, 863339.434, 101
Trd, 863340.218, 107
Trd, 863340.451, 107
Trd, 863340.734, 105
Trd, 863340.868, 99
Trd, 863341.384, 104
Trd, 863341.768, 111
Trd, 863342.001, 102
Trd, 863342.268, 101
Trd, 863343.434, 98
Trd, 863344.384, 109
Trd, 863344.601, 111
Trd, 863344.668, 97
Trd, 863344.884, 112
Trd, 863345.168, 103
Trd, 863345.551, 115
Trd, 863346.001, 114
Trd, 863346.101, 98
Trd, 863346.751, 108
Trd, 863347.134, 104
Trd, 863347.584, 91
Trd, 863347.601, 111
Trd, 863348.068, 110
Trd, 863348.151, 101
Trd, 863349.134, 93
Trd, 863349.834, 105
Trd, 863350.984, 98
Trd, 863351.051, 95
Trd, 863351.651, 104
Trd, 863351.718, 86
Trd, 863351.768, 118
Trd, 863352.618, 98
Trd, 863353.001, 103
Trd, 863353.518, 105
Trd, 863353.534, 109
Trd, 863353.851, 92
Trd, 863354.034, 110
Trd, 863354.834, 107
Trd, 863355.301, 115
Trd, 863355.751, 119
Trd, 863355.901, 101
Trd, 863356.168, 97
Trd, 863356.234, 84
Trd, 863357.668, 92
Trd, 863357.901, 93
Trd, 863358.034, 94
Trd, 863358.718, 91
Trd, 863358.768, 95
Trd, 863359.551, 100
Trd, 863360.284, 108
Trd, 863360.318, 109
Trd, 863360.568, 112
Trd, 863360.651, 113
Trd, 863360.701, 79
Trd, 863361.734, 108
Trd, 863362.318, 85
Trd, 863362.334, 84
Trd, 863362.518, 84
Trd, 863362.651, 100
Trd, 863363.568, 100
Trd, 863364.784, 111
Trd, 863365.234, 88
Trd, 863365.351, 79
Trd, 863365.768, 82
Trd, 863366.451, 98
Trd, 863366.568, 97
Trd, 863366.934, 99
Trd, 863367.184, 99
Trd, 863367.568, 116
Trd, 863368.084, 93
Trd, 863368.368, 107
Trd, 863369.234, 110
Trd, 863369.368, 113
Trd, 863369.468, 87
Trd, 863370.134, 96
Trd, 863370.484, 112
Trd, 863370.651, 94
Trd, 863370.801, 92
Trd, 863371.284, 117
Trd, 863371.484, 90
Trd, 863371.751, 96
Trd, 863371.951, 105
Trd, 863372.468, 102
Trd, 863372.951, 96
Trd, 863373.784, 101
Trd, 863374.718, 113
Trd, 863375.051, 101
Trd, 863375.651, 106
Trd, 863375.951, 103
Trd, 863376.218, 98
Trd, 863376.951, 93
Trd, 863377.218, 99
Trd, 863378.101, 94
Trd, 863378.234, 96
Trd, 863378.251, 98
Trd, 863378.818, 101
Trd, 863379.901, 99
Trd, 863380.234, 91
Trd, 863381.351, 98
Trd, 863381.418, 89
Trd, 863381.568, 98
Trd, 863381.701, 99
Trd, 863381.784, 105
Trd, 863382.784, 91
Trd, 863383.334, 100
Trd, 863384.051, 95
Trd, 863384.368, 98
Trd, 863384.384, 100
Trd, 863384.734, 115
Trd, 863384.768, 118
Trd, 863384.851, 120
Trd, 863384.901, 123
Trd, 863385.451, 103
Trd, 863386.168, 111
Trd, 863386.484, 114
Trd, 863386.701, 101
Trd, 863387.201, 114
Trd, 863387.401, 114
Trd, 863387.701, 97
Trd, 863388.268, 104
Trd, 863389.268, 106
Trd, 863389.568, 100
Trd, 863390.151, 96
Trd, 863390.368, 107
Trd, 863391.068, 110
Trd, 863391.768, 95
Trd, 863392.234, 92
Trd, 863392.268, 97
Trd, 863392.718, 88
Trd, 863392.818, 98
Trd, 863393.384, 106
Trd, 863393.634, 92
Trd, 863393.668, 89
Trd, 863394.651, 109
Trd, 863394.801, 111
Trd, 863395.268, 103
Trd, 863395.301, 87
Trd, 863395.901, 98
Trd, 863396.184, 109
Trd, 863396.718, 115
Trd, 863397.001, 117
Trd, 863397.418, 108
Trd, 863397.701, 117
Trd, 863398.001, 115
Trd, 863399.134, 118
Trd, 863399.201, 103
Trd, 863399.218, 101
Trd, 863399.684, 100
Trd, 863400.034, 101
Trd, 863400.384, 101
Trd, 863400.568, 104
Trd, 863400.634, 106
Trd, 863401.151, 116
Trd, 863401.334, 91
Trd, 863401.568, 85
Trd, 863401.968, 116
Trd, 863403.351, 116
Trd, 863403.951, 117
Trd, 863404.518, 116
Trd, 863404.584, 110
Trd, 863406.168, 104
Trd, 863406.218, 118
Trd, 863406.468, 104
Trd, 863407.001, 118
Trd, 863407.101, 103
Trd, 863408.134, 109
Trd, 863408.434, 108
Trd, 863408.801, 104
Trd, 863408.901, 101
Trd, 863409.218, 93
Trd, 863409.418, 118
Trd, 863409.984, 98
Trd, 863410.118, 103
Trd, 863410.134, 115
Trd, 863410.334, 116
Trd, 863411.301, 106
Trd, 863411.334, 98
Trd, 863411.351, 93
Trd, 863411.451, 118
Trd, 863412.084, 88
Trd, 863412.301, 113
Trd, 863413.751, 111
Trd, 863414.284, 105
Trd, 863414.418, 97
Trd, 863414.651, 96
Trd, 863416.101, 97
Trd, 863416.118, 99
Trd, 863416.251, 100
Trd, 863416.568, 113
Trd, 863416.884, 107
Trd, 863416.901, 110
Trd, 863417.384, 101
Trd, 863417.601, 88
Trd, 863418.084, 88
Trd, 863418.818, 93
Trd, 863419.751, 86
Trd, 863419.784, 95
Trd, 863420.001, 89
Trd, 863420.251, 99
Trd, 863420.668, 98
Trd, 863420.818, 91
Trd, 863421.868, 96
Trd, 863422.318, 99
Trd, 863422.884, 98
Trd, 863423.084, 109
Trd, 863423.251, 90
Trd, 863423.268, 118
Trd, 863424.418, 84
Trd, 863424.784, 116
Trd, 863425.451, 97
Trd, 863425.801, 114
Trd, 863425.951, 115
Trd, 863426.351, 119
Trd, 863427.351, 104
Trd, 863427.551, 101
Trd, 863428.384, 104
Trd, 863428.601, 100
Trd, 863428.734, 113
Trd, 863428.851, 100
Trd, 863428.968, 95
Trd, 863429.718, 94
Trd, 863430.718, 100
Trd, 863431.051, 107
Trd, 863431.618, 108
Trd, 863431.951, 115
Trd, 863432.651, 104
Trd, 863432.818, 99
Trd, 863432.951, 92
Trd, 863433.384, 102
Trd, 863433.668, 115
Trd, 863434.268, 115
Trd, 863435.318, 94
Trd, 863436.701, 89
Trd, 863436.918, 90
Trd, 863437.201, 97
Trd, 863437.234, 98
Trd, 863437.368, 86
Trd, 863437.484, 96
Trd, 863437.618, 82
Trd, 863437.884, 106
Trd, 863438.118, 118
Trd, 863438.268, 120
Trd, 863438.468, 98
Trd, 863438.801, 84
Trd, 863439.718, 102
Trd, 863440.018, 96
Trd, 863441.401, 104
Trd, 863442.151, 116
Trd, 863442.201, 104
Trd, 863442.368, 95
Trd, 863442.434, 81
Trd, 863442.601, 97
Trd, 863442.818, 98
Trd, 863443.251, 114
Trd, 863443.268, 94
Trd, 863443.818, 114
Trd, 863444.301, 79
Trd, 863444.618, 114
Trd, 863444.918, 120
Trd, 863444.984, 121
Trd, 863446.018, 115
Trd, 863446.951, 112
Trd, 863447.168, 113
Trd, 863447.234, 113
Trd, 863447.518, 105
Trd, 863447.951, 104
Trd, 863447.968, 97
Trd, 863448.634, 101
Trd, 863448.718, 90
Trd, 863449.201, 110
Trd, 863449.468, 85
Trd, 863450.051, 86
Trd, 863450.218, 84
Trd, 863450.751, 109
Trd, 863451.784, 81
Trd, 863451.851, 96
Trd, 863451.951, 97
Trd, 863451.984, 99
Trd, 863452.334, 118
Trd, 863452.468, 104
Trd, 863452.684, 101
Trd, 863452.834, 86
Trd, 863453.851, 97
Trd, 863454.368, 115
Trd, 863454.834, 89
Trd, 863454.918, 99
Trd, 863455.001, 87
Trd, 863455.568, 84
Trd, 863456.234, 103
Trd, 863456.868, 102
Trd, 863458.134, 103
Trd, 863458.368, 103
Trd, 863458.651, 104
Trd, 863458.718, 101
Trd, 863459.151, 111
Trd, 863459.418, 95
Trd, 863460.184, 112
Trd, 863460.301, 114
Trd, 863460.718, 100
Trd, 863462.634, 93
Trd, 863463.201, 100
Trd, 863463.434, 89
Trd, 863463.618, 105
Trd, 863464.001, 97
Trd, 863464.384, 103
Trd, 863466.018, 94
Trd, 863466.084, 95
Trd, 863466.118, 98
Trd, 863466.834, 99
Trd, 863466.901, 99
Trd, 863467.734, 115
Trd, 863467.851, 115
Trd, 863468.184, 116
Trd, 863468.584, 85
Trd, 863469.334, 99
Trd, 863469.501, 96
Trd, 863469.651, 100
Trd, 863469.801, 86
Trd, 863470.151, 105
Trd, 863470.568, 82
Trd, 863470.984, 82
Trd, 863471.201, 115
Trd, 863471.401, 85
Trd, 863471.484, 84
Trd, 863471.984, 95
Trd, 863472.518, 113
Trd, 863473.384, 118
Trd, 863473.701, 119
Trd, 863474.001, 101
Trd, 863474.018, 120
Trd, 863475.068, 94
Trd, 863475.268, 96
Trd, 863475.884, 109
Trd, 863476.701, 90
Trd, 863476.784, 98
Trd, 863477.301, 109
Trd, 863477.368, 91
Trd, 863477.434, 89
Trd, 863478.851, 101
Trd, 863478.868, 116
Trd, 863480.401, 102
Trd, 863481.334, 101
Trd, 863481.951, 100
Trd, 863481.984, 101
Trd, 863482.051, 100
Trd, 863482.418, 99
Trd, 863482.918, 94
Trd, 863483.584, 100
Trd, 863483.851, 118
Trd, 863484.351, 92
Trd, 863484.418, 104
Trd, 863484.634, 87
Trd, 863484.934, 85
Trd, 863485.734, 103
Trd, 863485.884, 84
Trd, 863485.968, 118
Trd, 863486.634, 114
Trd, 863487.101, 115
Trd, 863487.868, 92
Trd, 863488.251, 102
Trd, 863488.301, 89
Trd, 863488.768, 99
Trd, 863489.851, 101
Trd, 863490.018, 100
Trd, 863490.184, 108
Trd, 863490.418, 98
Trd, 863490.551, 97
Trd, 863491.168, 121
Trd, 863491.434, 89
Trd, 863491.601, 113
Trd, 863492.701, 90
Trd, 863492.718, 87
Trd, 863492.918, 115
Trd, 863493.118, 116
Trd, 863493.568, 116
Trd, 863494.318, 88
Trd, 863494.601, 115
Trd, 863495.051, 117
Trd, 863495.334, 115
Trd, 863495.684, 101
Trd, 863496.601, 102
Trd, 863497.434, 109
Trd, 863497.884, 97
Trd, 863497.951, 111
Trd, 863497.984, 112
Trd, 863498.068, 113
Trd, 863498.568, 92
Trd, 863499.068, 98
Trd, 863499.251, 101
Trd, 863499.668, 109
Trd, 863499.701, 93
Trd, 863499.884, 97
Trd, 863500.801, 102
Trd, 863501.701, 89
Trd, 863501.884, 108
Trd, 863502.334, 107
Trd, 863503.001, 102
Trd, 863503.168, 106
Trd, 863503.384, 116
Trd, 863503.418, 102
Trd, 863503.568, 100
Trd, 863504.418, 118
Trd, 863505.284, 97
Trd, 863505.301, 102
Trd, 863505.934, 99
Trd, 863506.001, 101
Trd, 863506.618, 111
Trd, 863507.701, 96
Trd, 863508.068, 95
Trd, 863508.168, 102
Trd, 863508.884, 108
Trd, 863509.268, 109
Trd, 863509.934, 101
Trd, 863510.668, 106
Trd, 863510.818, 110
Trd, 863511.334, 104
Trd, 863511.701, 111
Trd, 863511.918, 112
Trd, 863511.984, 114
Trd, 863512.368, 104
Trd, 863513.151, 115
Trd, 863513.351, 99
Trd, 863513.568, 97
Trd, 863513.751, 118
Trd, 863513.884, 117
Trd, 863514.218, 97
Trd, 863514.251, 96
Trd, 863514.351, 98
Trd, 863515.184, 104
Trd, 863515.834, 84
Trd, 863516.251, 105
Trd, 863516.451, 98
Trd, 863516.468, 118
Trd, 863517.634, 92
Trd, 863517.934, 93
Trd, 863518.818, 90
Trd, 863519.268, 94
Trd, 863519.301, 95
Trd, 863519.751, 95
Trd, 863521.301, 86
Trd, 863521.768, 95
Trd, 863522.068, 110
Trd, 863522.418, 109
Trd, 863523.118, 91
Trd, 863523.184, 98
Trd, 863523.518, 101
Trd, 863523.701, 114
Trd, 863523.768, 90
Trd, 863524.168, 101
Trd, 863524.651, 100
Trd, 863524.884, 113
Trd, 863525.451, 114
Trd, 863525.868, 101
Trd, 863525.918, 116
Trd, 863525.968, 83
Trd, 863526.834, 110
Trd, 863526.851, 105
Trd, 863526.868, 127
Trd, 863527.451, 118
Trd, 863527.718, 98
Trd, 863528.201, 115
Trd, 863528.501, 97
Trd, 863528.984, 105
Trd, 863529.101, 101
Trd, 863529.301, 100
Trd, 863530.018, 101
Trd, 863530.351, 103
Trd, 863530.384, 104
Trd, 863530.684, 106
Trd, 863530.851, 131
Trd, 863531.501, 104
Trd, 863531.551, 96
Trd, 863532.434, 105
Trd, 863532.518, 108
Trd, 863532.668, 112
Trd, 863533.018, 91
Trd, 863534.218, 101
Trd, 863535.334, 112
Trd, 863535.551, 107
Trd, 863535.918, 114
Trd, 863537.384, 100
Trd, 863537.601, 101
Trd, 863537.768, 102
Trd, 863537.784, 110
Trd, 863538.584, 113
Trd, 863538.784, 105
Trd, 863539.184, 102
Trd, 863539.218, 101
Trd, 863539.268, 95
Trd, 863539.668, 87
Trd, 863539.818, 91
Trd, 863540.251, 98
Trd, 863540.368, 118
Trd, 863541.001, 98
Trd, 863541.034, 115
Trd, 863541.918, 98
Trd, 863541.934, 100
Trd, 863542.384, 112
Trd, 863542.734, 116
Trd, 863542.884, 117
Trd, 863543.234, 107
Trd, 863544.234, 104
Trd, 863544.418, 100
Trd, 863544.968, 99
Trd, 863545.134, 86
Trd, 863545.534, 86
Trd, 863546.018, 105
Trd, 863546.568, 90
Trd, 863547.284, 103
Trd, 863547.568, 110
Trd, 863547.768, 110
Trd, 863547.851, 89
Trd, 863548.151, 117
Trd, 863548.684, 109
Trd, 863549.201, 99
Trd, 863549.868, 100
Trd, 863549.951, 100
Trd, 863550.184, 99
Trd, 863550.434, 102
Trd, 863551.434, 100
Trd, 863551.701, 97
Trd, 863551.934, 99
Trd, 863552.034, 102
Trd, 863553.751, 110
Trd, 863553.951, 111
Trd, 863554.218, 102
Trd, 863554.434, 101
Trd, 863554.818, 107
Trd, 863554.951, 106
Trd, 863555.734, 106
Trd, 863555.801, 107
Trd, 863555.984, 112
Trd, 863556.151, 113
Trd, 863556.234, 112
Trd, 863556.768, 101
Trd, 863556.818, 100
Trd, 863557.034, 105
Trd, 863557.051, 106
Trd, 863557.568, 101
Trd, 863559.851, 84
Trd, 863560.784, 98
Trd, 863560.934, 99
Trd, 863561.184, 107
Trd, 863561.651, 98
Trd, 863561.784, 97
Trd, 863561.884, 93
Trd, 863562.234, 95
Trd, 863562.468, 111
Trd, 863563.368, 96
Trd, 863564.068, 103
Trd, 863564.318, 110
Trd, 863564.634, 111
Trd, 863564.751, 97
Trd, 863565.034, 104
Trd, 863565.251, 100
Trd, 863565.934, 110
Trd, 863566.101, 96
Trd, 863566.284, 110
Trd, 863567.334, 109
Trd, 863567.701, 104
Trd, 863568.434, 109
Trd, 863568.451, 96
Trd, 863569.168, 97
Trd, 863569.184, 98
Trd, 863570.618, 96
Trd, 863571.068, 96
Trd, 863571.218, 95
Trd, 863571.934, 96
Trd, 863572.084, 107
Trd, 863572.251, 108
Trd, 863572.901, 88
Trd, 863573.401, 104
Trd, 863574.351, 103
Trd, 863574.434, 115
Trd, 863574.651, 102
Trd, 863575.184, 101
Trd, 863575.768, 104
Trd, 863576.868, 99
Trd, 863577.734, 96
Trd, 863577.801, 91
Trd, 863578.301, 97
Trd, 863578.584, 98
Trd, 863578.734, 110
Trd, 863579.101, 95
Trd, 863579.401, 93
Trd, 863579.451, 102
Trd, 863579.468, 103
Trd, 863579.551, 99
Trd, 863579.668, 104
Trd, 863580.501, 84
Trd, 863580.784, 100
Trd, 863580.951, 83
Trd, 863582.451, 105
Trd, 863582.768, 110
Trd, 863582.868, 93
Trd, 863584.101, 101
Trd, 863584.251, 104
Trd, 863584.484, 118
Trd, 863584.884, 98
Trd, 863585.701, 90
Trd, 863585.934, 111
Trd, 863586.518, 107
Trd, 863586.534, 111
Trd, 863586.968, 85
Trd, 863587.618, 131
Trd, 863587.984, 84
Trd, 863589.468, 116
Trd, 863589.618, 101
Trd, 863589.834, 92
Trd, 863590.001, 96
Trd, 863590.201, 86
Trd, 863591.918, 87
Trd, 863592.168, 88
Trd, 863592.201, 89
Trd, 863592.284, 86
Trd, 863592.784, 91
Trd, 863593.301, 92
Trd, 863593.434, 96
Trd, 863593.968, 96
Trd, 863595.034, 96
Trd, 863595.301, 105
Trd, 863595.918, 98
Trd, 863596.034, 104
Trd, 863596.234, 98
Trd, 863596.601, 89
Trd, 863596.668, 104
Trd, 863597.068, 101
Trd, 863597.551, 103
Trd, 863597.834, 105
Trd, 863598.001, 95
Trd, 863599.268, 105
Trd, 863599.768, 115
Trd, 863599.884, 104
Trd, 863599.951, 99
Trd, 863600.234, 105
Trd, 863600.251, 93
Trd, 863600.551, 115
Trd, 863601.301, 120
Trd, 863601.901, 120
Trd, 863603.501, 102
Trd, 863603.534, 100
Trd, 863603.601, 118
Trd, 863604.001, 100
Trd, 863604.084, 106
Trd, 863604.651, 107
Trd, 863605.301, 106
Trd, 863605.601, 102
Trd, 863605.851, 100
Trd, 863606.051, 104
Trd, 863606.434, 102
Trd, 863607.118, 88
Trd, 863607.568, 91
Trd, 863607.751, 109
Trd, 863607.851, 110
Trd, 863608.084, 114
Trd, 863608.668, 90
Trd, 863609.251, 110
Trd, 863609.718, 91
Trd, 863609.734, 89
Trd, 863610.618, 110
Trd, 863610.884, 101
Trd, 863611.434, 108
Trd, 863611.551, 110
Trd, 863611.634, 98
Trd, 863612.501, 111
Trd, 863612.951, 90
Trd, 863613.768, 107
Trd, 863614.084, 114
Trd, 863614.651, 120
Trd, 863614.701, 118
Trd, 863614.751, 109
Trd, 863614.834, 100
Trd, 863615.851, 99
Trd, 863616.201, 89
Trd, 863616.884, 109
Trd, 863617.401, 110
Trd, 863617.468, 112
Trd, 863617.534, 120
Trd, 863617.668, 104
Trd, 863617.818, 125
Trd, 863618.184, 106
Trd, 863618.484, 112
Trd, 863619.884, 103
Trd, 863620.268, 121
Trd, 863620.384, 121
Trd, 863620.668, 101
Trd, 863621.484, 92
Trd, 863621.868, 95
Trd, 863622.251, 92
Trd, 863622.468, 100
Trd, 863622.534, 102
Trd, 863623.301, 114
Trd, 863623.584, 101
Trd, 863624.301, 114
Trd, 863624.334, 115
Trd, 863624.384, 116
Trd, 863624.701, 115
Trd, 863624.968, 113
Trd, 863625.134, 98
Trd, 863625.651, 117
Trd, 863625.701, 118
Trd, 863626.701, 90
Trd, 863627.718, 91
Trd, 863628.218, 90
Trd, 863628.568, 89
Trd, 863629.118, 90
Trd, 863629.551, 87
Trd, 863629.768, 87
Trd, 863629.951, 87
Trd, 863630.001, 89
Trd, 863630.218, 100
Trd, 863630.634, 86
Trd, 863631.001, 100
Trd, 863631.034, 105
Trd, 863631.968, 113
Trd, 863632.068, 114
Trd, 863632.134, 117
Trd, 863632.218, 104
Trd, 863632.401, 100
Trd, 863633.351, 97
Trd, 863634.268, 107
Trd, 863634.334, 117
Trd, 863635.018, 114
Trd, 863635.168, 118
Trd, 863635.318, 106
Trd, 863635.651, 113
Trd, 863636.568, 92
Trd, 863636.618, 113
Trd, 863637.034, 97
Trd, 863637.218, 113
Trd, 863638.884, 103
Trd, 863640.134, 104
Trd, 863640.418, 101
Trd, 863640.451, 105
Trd, 863640.468, 106
Trd, 863640.751, 110
Trd, 863641.151, 116
Trd, 863641.451, 113
Trd, 863641.818, 107
Trd, 863642.301, 104
Trd, 863643.001, 112
Trd, 863643.584, 106
Trd, 863643.901, 104
Trd, 863644.101, 115
Trd, 863644.118, 101
Trd, 863644.284, 89
Trd, 863645.201, 99
Trd, 863645.401, 116
Trd, 863647.018, 87
Trd, 863647.434, 101
Trd, 863648.318, 97
Trd, 863648.418, 98
Trd, 863648.551, 104
Trd, 863648.668, 92
Trd, 863648.968, 102
Trd, 863649.451, 84
Trd, 863649.468, 104
Trd, 863649.651, 105
Trd, 863650.251, 115
Trd, 863650.618, 95
Trd, 863651.601, 97
Trd, 863651.801, 96
Trd, 863651.884, 111
Trd, 863652.018, 90
Trd, 863652.251, 94
Trd, 863652.301, 119
Trd, 863652.468, 84
Trd, 863652.951, 102
Trd, 863653.234, 104
Trd, 863653.451, 112
Trd, 863653.834, 117
Trd, 863654.368, 118
Trd, 863654.434, 101
Trd, 863654.718, 97
Trd, 863655.168, 96
Trd, 863655.284, 94
Trd, 863656.068, 88
Trd, 863656.118, 97
Trd, 863656.668, 97
Trd, 863657.101, 117
Trd, 863657.318, 101
Trd, 863657.551, 118
Trd, 863657.934, 100
Trd, 863658.784, 89
Trd, 863658.868, 99
Trd, 863659.368, 111
Trd, 863659.668, 104
Trd, 863659.751, 104
Trd, 863660.518, 109
Trd, 863661.318, 114
Trd, 863661.501, 94
Trd, 863662.001, 94
Trd, 863662.068, 93
Trd, 863662.651, 94
Trd, 863662.851, 95
Trd, 863663.318, 101
Trd, 863663.451, 102
Trd, 863663.718, 84
Trd, 863663.968, 104
Trd, 863664.418, 117
Trd, 863664.651, 102
Trd, 863664.851, 120
Trd, 863664.868, 84
Trd, 863665.384, 102
Trd, 863666.668, 101
Trd, 863666.884, 118
Trd, 863667.634, 115
Trd, 863668.118, 93
Trd, 863668.151, 94
Trd, 863668.634, 97
Trd, 863669.784, 115
Trd, 863670.451, 109
Trd, 863671.251, 102
Trd, 863672.084, 101
Trd, 863672.384, 101
Trd, 863672.434, 95
Trd, 863672.484, 105
Trd, 863672.584, 112
Trd, 863672.618, 114
Trd, 863672.801, 117
Trd, 863673.218, 118
Trd, 863673.901, 101
Trd, 863674.218, 92
Trd, 863674.634, 96
Trd, 863675.284, 100
Trd, 863675.751, 96
Trd, 863675.818, 91
Trd, 863675.868, 104
Trd, 863676.134, 91
Trd, 863677.418, 113
Trd, 863678.284, 100
Trd, 863678.351, 113
Trd, 863679.268, 102
Trd, 863679.701, 108
Trd, 863680.001, 107
Trd, 863680.884, 99
Trd, 863681.068, 94
Trd, 863681.418, 109
Trd, 863681.734, 115
Trd, 863682.434, 114
Trd, 863682.501, 113
Trd, 863682.584, 107
Trd, 863682.634, 118
Trd, 863683.918, 101
Trd, 863684.134, 87
Trd, 863684.968, 106
Trd, 863685.118, 108
Trd, 863685.168, 110
Trd, 863685.818, 115
Trd, 863686.018, 101
Trd, 863686.368, 98
Trd, 863687.218, 94
Trd, 863687.318, 95
Trd, 863687.534, 92
Trd, 863687.601, 103
Trd, 863688.118, 102
Trd, 863689.518, 105
Trd, 863690.101, 116
Trd, 863690.218, 118
Trd, 863690.251, 103
Trd, 863690.318, 102
Trd, 863690.401, 101
Trd, 863690.801, 87
Trd, 863690.934, 106
Trd, 863691.868, 98
Trd, 863692.384, 100
Trd, 863692.751, 119
Trd, 863693.001, 115
Trd, 863693.084, 116
Trd, 863693.968, 122
Trd, 863694.634, 107
Trd, 863695.218, 117
Trd, 863695.734, 102
Trd, 863696.351, 96
Trd, 863697.184, 97
Trd, 863697.384, 97
Trd, 863697.451, 99
Trd, 863697.768, 96
Trd, 863698.118, 113
Trd, 863699.751, 107
Trd, 863699.901, 103
Trd, 863700.018, 101
Trd, 863700.368, 98
Trd, 863700.718, 88
Trd, 863701.084, 89
Trd, 863701.784, 93
Trd, 863702.034, 94
Trd, 863702.451, 94
Trd, 863702.984, 107
Trd, 863703.518, 108
Trd, 863703.634, 119
Trd, 863704.368, 104
Trd, 863704.584, 115
Trd, 863704.718, 101
Trd, 863705.334, 114
Trd, 863705.351, 109
Trd, 863705.451, 106
Trd, 863705.501, 116
Trd, 863707.168, 103
Trd, 863707.601, 100
Trd, 863707.668, 96
Trd, 863708.318, 111
Trd, 863708.434, 93
Trd, 863709.451, 105
Trd, 863709.768, 101
Trd, 863710.151, 92
Trd, 863710.634, 108
Trd, 863710.684, 112
Trd, 863711.068, 111
Trd, 863711.551, 100
Trd, 863711.568, 114
Trd, 863711.784, 116
Trd, 863713.518, 110
Trd, 863713.834, 108
Trd, 863713.984, 116
Trd, 863714.018, 105
Trd, 863714.068, 118
Trd, 863714.134, 104
Trd, 863714.851, 104
Trd, 863715.951, 101
Trd, 863716.268, 111
Trd, 863716.301, 101
Trd, 863716.718, 115
Trd, 863717.634, 108
Trd, 863717.684, 105
Trd, 863717.901, 116
Trd, 863718.301, 103
Trd, 863718.768, 88
Trd, 863719.368, 94
Trd, 863719.518, 94
Trd, 863719.534, 95
Trd, 863719.568, 96
Trd, 863720.234, 96
Trd, 863721.134, 90
Trd, 863721.434, 92
Trd, 863721.501, 87
Trd, 863721.851, 93
Trd, 863722.334, 94
Trd, 863722.568, 82
Trd, 863723.101, 97
Trd, 863723.901, 97
Trd, 863724.251, 96
Trd, 863724.484, 94
Trd, 863724.584, 101
Trd, 863724.901, 94
Trd, 863725.168, 97
Trd, 863725.634, 101
Trd, 863726.134, 106
Trd, 863727.318, 104
Trd, 863727.701, 102
Trd, 863727.868, 100
Trd, 863728.101, 99
Trd, 863728.701, 104
Trd, 863729.068, 112
Trd, 863729.751, 117
Trd, 863730.368, 120
Trd, 863731.351, 98
Trd, 863731.484, 119
Trd, 863732.001, 98
Trd, 863732.184, 99
Trd, 863732.551, 115
Trd, 863732.668, 92
Trd, 863733.118, 84
Trd, 863733.234, 100
Trd, 863733.318, 101
Trd, 863734.101, 118
Trd, 863734.668, 113
Trd, 863735.184, 102
Trd, 863735.401, 101
Trd, 863735.418, 119
Trd, 863736.034, 99
Trd, 863736.818, 98
Trd, 863737.318, 98
Trd, 863737.334, 97
Trd, 863738.184, 94
Trd, 863738.534, 113
Trd, 863738.601, 100
Trd, 863738.984, 106
Trd, 863739.451, 93
Trd, 863739.851, 113
Trd, 863740.084, 114
Trd, 863740.218, 88
Trd, 863740.351, 107
Trd, 863741.118, 99
Trd, 863741.468, 105
Trd, 863741.551, 105
Trd, 863741.851, 101
Trd, 863742.368, 98
Trd, 863742.384, 115
Trd, 863743.251, 99
Trd, 863744.351, 99
Trd, 863744.551, 100
Trd, 863744.851, 85
Trd, 863745.101, 88
Trd, 863745.301, 89
Trd, 863745.351, 98
Trd, 863745.618, 84
Trd, 863746.134, 94
Trd, 863746.518, 94
Trd, 863746.768, 95
Trd, 863747.034, 108
Trd, 863747.234, 85
Trd, 863750.901, 95
Trd, 863750.984, 96
Trd, 863751.101, 92
Trd, 863751.351, 96
Trd, 863751.634, 101
Trd, 863751.918, 98
Trd, 863752.468, 104
Trd, 863752.801, 90
Trd, 863753.084, 113
Trd, 863753.684, 111
Trd, 863754.601, 92
Trd, 863754.901, 97
Trd, 863754.934, 98
Trd, 863754.968, 98
Trd, 863755.951, 101
Trd, 863755.984, 97
Trd, 863756.368, 99
Trd, 863756.568, 114
Trd, 863756.818, 97
Trd, 863757.951, 113
Trd, 863758.218, 102
Trd, 863758.468, 103
Trd, 863758.601, 104
Trd, 863758.851, 98
Trd, 863759.834, 95
Trd, 863759.901, 98
Trd, 863759.951, 99
Trd, 863760.251, 100
Trd, 863760.351, 110
Trd, 863760.618, 93
Trd, 863760.934, 92
Trd, 863761.234, 100
Trd, 863762.234, 95
Trd, 863762.501, 98
Trd, 863762.868, 106
Trd, 863763.084, 115
Trd, 863763.618, 99
Trd, 863763.951, 112
Trd, 863765.168, 104
Trd, 863765.518, 105
Trd, 863766.068, 108
Trd, 863766.418, 107
Trd, 863766.534, 108
Trd, 863767.168, 97
Trd, 863767.318, 90
Trd, 863767.368, 87
Trd, 863767.768, 98
Trd, 863768.951, 96
Trd, 863769.168, 119
Trd, 863770.384, 87
Trd, 863770.751, 84
Trd, 863770.818, 82
Trd, 863770.951, 98
Trd, 863772.251, 95
Trd, 863772.418, 99
Trd, 863772.468, 109
Trd, 863772.834, 100
Trd, 863773.034, 81
Trd, 863773.351, 86
Trd, 863773.618, 104
Trd, 863773.818, 105
Trd, 863774.834, 101
Trd, 863774.851, 99
Trd, 863775.284, 107
Trd, 863777.634, 103
Trd, 863777.984, 100
Trd, 863778.018, 107
Trd, 863778.784, 95
Trd, 863779.034, 109
Trd, 863779.251, 109
Trd, 863779.518, 110
Trd, 863779.651, 112
Trd, 863779.668, 117
Trd, 863780.084, 89
Trd, 863780.418, 88
Trd, 863781.268, 84
Trd, 863781.284, 82
Trd, 863781.551, 98
Trd, 863782.018, 104
Trd, 863782.251, 115
Trd, 863782.401, 104
Trd, 863782.484, 116
Trd, 863783.334, 96
Trd, 863783.701, 110
Trd, 863784.351, 101
Trd, 863784.918, 101
Trd, 863785.218, 111
Trd, 863786.418, 107
Trd, 863786.951, 100
Trd, 863787.818, 93
Trd, 863787.834, 90
Trd, 863787.868, 95
Trd, 863788.301, 84
Trd, 863788.334, 81
Trd, 863788.651, 98
Trd, 863789.051, 99
Trd, 863789.551, 108
Trd, 863790.084, 101
Trd, 863790.668, 100
Trd, 863791.201, 112
Trd, 863792.251, 102
Trd, 863792.284, 99
Trd, 863792.368, 106
Trd, 863792.768, 99
Trd, 863792.851, 97
Trd, 863793.451, 106
Trd, 863794.218, 95
Trd, 863794.401, 94
Trd, 863794.834, 108
Trd, 863795.151, 88
Trd, 863795.751, 97
Trd, 863796.734, 102
Trd, 863796.951, 105
Trd, 863797.534, 97
Trd, 863797.718, 117
Trd, 863798.101, 93
Trd, 863798.284, 92
Trd, 863799.718, 93
Trd, 863799.818, 95
Trd, 863800.334, 104
Trd, 863801.234, 99
Trd, 863801.684, 100
Trd, 863802.534, 99
Trd, 863802.684, 95
Trd, 863802.701, 93
Trd, 863803.284, 104
Trd, 863804.201, 112
Trd, 863805.018, 107
Trd, 863805.351, 104
Trd, 863805.684, 109
Trd, 863805.851, 111
Trd, 863806.168, 97
Trd, 863806.268, 96
Trd, 863806.401, 98
Trd, 863806.851, 114
Trd, 863807.434, 91
Trd, 863808.384, 110
Trd, 863808.768, 105
Trd, 863808.801, 106
Trd, 863808.851, 97
Trd, 863809.734, 102
Trd, 863809.801, 109
Trd, 863810.684, 101
Trd, 863810.884, 103
Trd, 863811.218, 89
Trd, 863811.818, 101
Trd, 863812.301, 102
Trd, 863812.618, 103
Trd, 863812.984, 112
Trd, 863813.218, 108
Trd, 863813.284, 101
Trd, 863813.801, 97
Trd, 863814.051, 100
Trd, 863814.401, 110
Trd, 863814.501, 111
Trd, 863815.451, 104
Trd, 863815.484, 112
Trd, 863815.618, 113
Trd, 863816.151, 113
Trd, 863816.268, 116
Trd, 863817.001, 123
Trd, 863817.151, 124
Trd, 863817.201, 108
Trd, 863817.284, 107
Trd, 863817.384, 104
Trd, 863817.434, 101
Trd, 863818.518, 120
Trd, 863818.701, 112
Trd, 863819.484, 111
Trd, 863820.018, 106
Trd, 863820.468, 104
Trd, 863820.668, 114
Trd, 863821.934, 109
Trd, 863822.384, 101
Trd, 863822.934, 96
Trd, 863822.984, 105
Trd, 863823.001, 95
Trd, 863824.051, 96
Trd, 863824.251, 102
Trd, 863824.801, 116
Trd, 863824.918, 113
Trd, 863825.001, 117
Trd, 863825.401, 92
Trd, 863825.834, 98
Trd, 863826.501, 101
Trd, 863826.801, 85
Trd, 863827.284, 87
Trd, 863827.834, 101
Trd, 863828.234, 103
Trd, 863828.318, 104
Trd, 863828.384, 93
Trd, 863828.601, 118
Trd, 863829.151, 118
Trd, 863829.768, 115
Trd, 863830.268, 93
Trd, 863830.334, 95
Trd, 863831.551, 86
Trd, 863831.784, 96
Trd, 863832.101, 85
Trd, 863832.884, 102
Trd, 863833.018, 98
Trd, 863833.101, 96
Trd, 863833.201, 110
Trd, 863834.251, 116
Trd, 863834.868, 100
Trd, 863834.884, 117
Trd, 863835.284, 97
Trd, 863835.318, 94
Trd, 863835.734, 100
Trd, 863836.168, 116
Trd, 863836.934, 104
Trd, 863837.951, 105
Trd, 863838.001, 100
Trd, 863838.734, 99
Trd, 863838.751, 96
Trd, 863839.451, 107
Trd, 863839.584, 108
Trd, 863839.951, 93
Trd, 863840.051, 100
Trd, 863840.151, 86
Trd, 863840.568, 108
Trd, 863841.484, 109
Trd, 863841.951, 116
Trd, 863842.451, 116
Trd, 863843.768, 113
Trd, 863844.168, 110
Trd, 863844.284, 115
Trd, 863844.334, 104
Trd, 863844.618, 101
Trd, 863844.784, 99
Trd, 863845.118, 102
Trd, 863845.501, 115
Trd, 863845.718, 99
Trd, 863846.284, 99
Trd, 863846.734, 101
Trd, 863846.868, 95
Trd, 863847.368, 101
Trd, 863848.018, 95
Trd, 863848.101, 102
Trd, 863848.568, 107
Trd, 863848.851, 90
Trd, 863849.068, 102
Trd, 863849.401, 90
Trd, 863850.034, 115
Trd, 863850.851, 117
Trd, 863851.051, 101
Trd, 863851.784, 91
Trd, 863852.068, 82
Trd, 863852.234, 120
Trd, 863852.451, 106
Trd, 863852.668, 84
Trd, 863854.418, 101
Trd, 863854.451, 113
Trd, 863854.501, 94
Trd, 863854.584, 112
Trd, 863854.784, 113
Trd, 863854.884, 114
Trd, 863855.268, 115
Trd, 863855.551, 115
Trd, 863856.334, 95
Trd, 863857.668, 98
Trd, 863857.684, 100
Trd, 863858.418, 110
Trd, 863859.968, 111
Trd, 863860.134, 110
Trd, 863860.201, 107
Trd, 863860.751, 104
Trd, 863861.018, 103
Trd, 863861.734, 108
Trd, 863862.051, 115
Trd, 863862.951, 106
Trd, 863863.818, 100
Trd, 863864.318, 97
Trd, 863864.701, 108
Trd, 863865.218, 102
Trd, 863865.251, 98
Trd, 863865.884, 93
Trd, 863866.034, 91
Trd, 863866.401, 94
Trd, 863866.468, 95
Trd, 863866.801, 95
Trd, 863867.451, 94
Trd, 863867.668, 97
Trd, 863868.501, 88
Trd, 863868.601, 95
Trd, 863869.168, 99
Trd, 863869.768, 87
Trd, 863869.868, 90
Trd, 863870.201, 91
Trd, 863870.234, 103
Trd, 863870.384, 103
Trd, 863871.784, 101
Trd, 863871.951, 92
Trd, 863872.334, 95
Trd, 863873.068, 102
Trd, 863873.501, 104
Trd, 863873.551, 106
Trd, 863873.784, 115
Trd, 863874.201, 114
Trd, 863874.318, 99
Trd, 863874.684, 112
Trd, 863874.768, 99
Trd, 863875.634, 102
Trd, 863875.668, 111
Trd, 863875.684, 91
Trd, 863876.201, 111
Trd, 863876.234, 84
Trd, 863876.584, 101
Trd, 863877.101, 113
Trd, 863878.718, 113
Trd, 863879.101, 98
Trd, 863879.568, 97
Trd, 863879.701, 89
Trd, 863879.868, 88
Trd, 863879.934, 99
Trd, 863881.234, 101
Trd, 863881.484, 99
Trd, 863881.568, 113
Trd, 863882.284, 102
Trd, 863882.301, 115
Trd, 863882.551, 99
Trd, 863882.901, 102
Trd, 863882.951, 116
Trd, 863883.684, 103
Trd, 863883.968, 104
Trd, 863884.418, 104
Trd, 863884.634, 101
Trd, 863884.701, 105
Trd, 863885.434, 93
Trd, 863885.584, 84
Trd, 863886.318, 92
Trd, 863886.868, 94
Trd, 863887.734, 111
Trd, 863888.234, 106
Trd, 863888.718, 113
Trd, 863889.251, 112
Trd, 863889.501, 117
Trd, 863890.084, 104
Trd, 863890.451, 101
Trd, 863890.834, 96
Trd, 863891.368, 95
Trd, 863891.401, 105
Trd, 863891.768, 89
Trd, 863892.151, 107
Trd, 863892.634, 109
Trd, 863893.634, 115
Trd, 863894.318, 96
Trd, 863894.484, 113
Trd, 863894.634, 88
Trd, 863895.101, 99
Trd, 863895.434, 95
Trd, 863896.068, 89
Trd, 863896.301, 88
Trd, 863897.218, 101
Trd, 863897.751, 102
Trd, 863898.334, 103
Trd, 863898.651, 96
Trd, 863898.951, 97
Trd, 863899.234, 104
Trd, 863899.368, 116
Trd, 863899.701, 96
Trd, 863899.818, 104
Trd, 863900.384, 104
Trd, 863900.651, 96
Trd, 863901.201, 99
Trd, 863901.534, 107
Trd, 863901.551, 83
Trd, 863901.784, 116
Trd, 863901.934, 115
Trd, 863902.284, 96
Trd, 863902.468, 114
Trd, 863903.818, 94
Trd, 863905.101, 94
Trd, 863905.184, 96
Trd, 863905.234, 97
Trd, 863905.351, 98
Trd, 863905.834, 92
Trd, 863905.884, 95
Trd, 863905.934, 98
Trd, 863906.184, 109
Trd, 863906.434, 112
Trd, 863906.701, 115
Trd, 863907.118, 105
Trd, 863907.818, 98
Trd, 863908.001, 95
Trd, 863908.018, 106
Trd, 863908.551, 91
Trd, 863908.818, 114
Trd, 863908.868, 116
Trd, 863909.318, 101
Trd, 863909.401, 106
Trd, 863910.634, 113
Trd, 863911.101, 106
Trd, 863911.134, 86
Trd, 863911.234, 83
Trd, 863911.301, 119
Trd, 863912.201, 87
Trd, 863912.734, 101
Trd, 863913.218, 106
Trd, 863913.384, 107
Trd, 863913.401, 106
Trd, 863914.251, 101
Trd, 863914.334, 108
Trd, 863915.218, 83
Trd, 863916.051, 114
Trd, 863916.318, 115
Trd, 863916.584, 118
Trd, 863918.134, 104
Trd, 863918.168, 95
Trd, 863918.468, 102
Trd, 863918.518, 104
Trd, 863918.901, 105
Trd, 863919.801, 105
Trd, 863919.951, 118
Trd, 863920.184, 117
Trd, 863920.251, 119
Trd, 863920.368, 104
Trd, 863920.401, 87
Trd, 863920.651, 120
Trd, 863920.768, 101
Trd, 863921.584, 111
Trd, 863922.168, 109
Trd, 863922.801, 108
Trd, 863922.934, 97
Trd, 863923.584, 105
Trd, 863924.034, 108
Trd, 863924.651, 101
Trd, 863924.901, 103
Trd, 863924.918, 92
Trd, 863925.801, 94
Trd, 863925.851, 95
Trd, 863926.134, 101
Trd, 863927.034, 91
Trd, 863927.684, 100
Trd, 863928.284, 120
Trd, 863928.534, 126
Trd, 863929.851, 96
Trd, 863930.584, 120
Trd, 863930.934, 119
Trd, 863931.068, 88
Trd, 863931.718, 98
Trd, 863931.951, 95
Trd, 863932.068, 86
Trd, 863932.968, 97
Trd, 863933.484, 108
Trd, 863933.634, 92
Trd, 863933.701, 84
Trd, 863934.068, 104
Trd, 863934.184, 117
Trd, 863935.851, 108
Trd, 863936.518, 103
Trd, 863936.668, 103
Trd, 863936.801, 104
Trd, 863936.934, 103
Trd, 863936.951, 109
Trd, 863937.601, 102
Trd, 863938.218, 116
Trd, 863939.018, 100
Trd, 863939.068, 84
Trd, 863939.151, 92
Trd, 863939.284, 101
Trd, 863939.468, 101
Trd, 863939.601, 107
Trd, 863939.718, 117
Trd, 863941.251, 94
Trd, 863941.784, 94
Trd, 863942.268, 95
Trd, 863943.034, 96
Trd, 863943.184, 95
Trd, 863943.634, 97
Trd, 863943.818, 92
Trd, 863944.201, 99
Trd, 863944.701, 90
Trd, 863944.718, 104
Trd, 863944.751, 108
Trd, 863945.568, 104
Trd, 863946.284, 111
Trd, 863946.384, 92
Trd, 863946.451, 114
Trd, 863947.584, 102
Trd, 863947.684, 100
Trd, 863947.768, 115
Trd, 863948.168, 113
Trd, 863948.934, 105
Trd, 863949.668, 102
Trd, 863950.018, 109
Trd, 863950.168, 110
Trd, 863950.201, 101
Trd, 863950.351, 102
Trd, 863950.484, 98
Trd, 863950.918, 95
Trd, 863951.284, 92
Trd, 863951.518, 115
Trd, 863951.618, 115
Trd, 863951.951, 100
Trd, 863952.784, 97
Trd, 863953.101, 98
Trd, 863954.068, 97
Trd, 863955.001, 97
Trd, 863955.534, 97
Trd, 863955.734, 92
Trd, 863956.034, 99
Trd, 863956.184, 100
Trd, 863957.484, 105
Trd, 863957.618, 116
Trd, 863958.318, 91
Trd, 863958.368, 106
Trd, 863958.918, 96
Trd, 863959.284, 85
Trd, 863959.868, 99
Trd, 863959.934, 100
Trd, 863960.101, 108
Trd, 863960.151, 88
Trd, 863960.418, 117
Trd, 863960.734, 116
Trd, 863960.801, 118
Trd, 863960.901, 107
Trd, 863961.118, 118
Trd, 863961.784, 104
Trd, 863962.284, 100
Trd, 863962.618, 109
Trd, 863962.651, 117
Trd, 863963.101, 93
Trd, 863963.534, 111
Trd, 863964.301, 111
Trd, 863964.984, 92
Trd, 863965.368, 88
Trd, 863965.618, 99
Trd, 863966.351, 86
Trd, 863967.168, 86
Trd, 863967.401, 87
Trd, 863968.068, 105
Trd, 863968.718, 101
Trd, 863968.734, 95
Trd, 863969.618, 95
Trd, 863969.768, 85
Trd, 863970.518, 92
Trd, 863970.534, 94
Trd, 863970.834, 100
Trd, 863970.968, 111
Trd, 863971.068, 112
Trd, 863971.401, 94
Trd, 863972.151, 112
Trd, 863972.634, 113
Trd, 863973.001, 100
Trd, 863973.118, 101
Trd, 863973.634, 104
Trd, 863973.651, 85
Trd, 863974.001, 87
Trd, 863974.168, 90
Trd, 863974.784, 85
Trd, 863975.184, 103
Trd, 863976.018, 103
Trd, 863976.551, 115
Trd, 863976.984, 92
Trd, 863977.501, 98
Trd, 863977.718, 85
Trd, 863977.934, 84
Trd, 863978.318, 103
Trd, 863978.834, 84
Trd, 863979.134, 108
Trd, 863979.668, 108
Trd, 863979.818, 109
Trd, 863980.051, 114
Trd, 863980.218, 119
Trd, 863980.834, 120
Trd, 863980.968, 104
Trd, 863981.218, 101
Trd, 863981.568, 98
Trd, 863981.918, 98
Trd, 863982.051, 118
Trd, 863982.651, 108
Trd, 863983.434, 93
Trd, 863984.051, 113
Trd, 863984.568, 91
Trd, 863985.601, 107
Trd, 863986.218, 88
Trd, 863986.368, 108
Trd, 863986.768, 99
Trd, 863987.034, 95
Trd, 863987.051, 114
Trd, 863987.118, 115
Trd, 863988.601, 103
Trd, 863988.684, 96
Trd, 863989.018, 104
Trd, 863989.218, 113
Trd, 863989.351, 97
Trd, 863989.818, 106
Trd, 863990.501, 101
Trd, 863990.584, 95
Trd, 863990.784, 103
Trd, 863991.668, 105
Trd, 863992.068, 105
Trd, 863993.001, 109
Trd, 863993.201, 102
Trd, 863993.568, 117
Trd, 863994.034, 101
Trd, 863994.318, 110
Trd, 863995.068, 83
Trd, 863995.151, 85
Trd, 863995.434, 85
Trd, 863995.684, 83
Trd, 863996.034, 105
Trd, 863997.651, 97
Trd, 863997.784, 103
Trd, 863998.301, 105
Trd, 863998.834, 114
Trd, 863998.951, 115
Trd, 863999.218, 116
Trd, 863999.251, 105
Trd, 863999.334, 118
Trd, 863999.901, 115
