Trd, 863323.401, 102
Trd, 863323.418, 98
Trd, 863323.701, 104
Trd, 863324.484, 98
Trd, 863324.768, 91
Trd, 863325.351, 99
Trd, 863325.684, 98
Trd, 863326.134, 97
Trd, 863326.201, 98
Trd, 863326.451, 98
Trd, 863326.734, 98
Trd, 863326.918, 96
Trd, 863327.234, 99
Trd, 863327.318, 104
Trd, 863328.251, 107
Trd, 863328.534, 108
Trd, 863328.918, 107
Trd, 863329.218, 104
Trd, 863329.634, 105
Trd, 863329.651, 103
Trd, 863329.984, 104
Trd, 863330.118, 101
Trd, 863330.501, 97
Trd, 863330.718, 106
Trd, 863331.368, 98
Trd, 863331.484, 95
Trd, 863332.034, 95
Trd, 863332.434, 94
Trd, 863332.751, 98
Trd, 863332.818, 98
Trd, 863333.451, 96
Trd, 863333.984, 97
Trd, 863334.101, 95
Trd, 863334.301, 94
Trd, 863335.101, 96
Trd, 863335.284, 95
Trd, 863335.451, 97
Trd, 863335.851, 99
Trd, 863336.134, 99
Trd, 863336.701, 98
Trd, 863336.818, 98
Trd, 863336.834, 97
Trd, 863336.851, 101
Trd, 863336.868, 95
Trd, 863337.251, 109
Trd, 863337.818, 95
Trd, 863337.901, 94
Trd, 863338.301, 92
Trd, 863339.051, 94
Trd, 863339.184, 98
Trd, 863339.384, 93
Trd, 863340.701, 100
Trd, 863340.784, 99
Trd, 863341.134, 101
Trd, 863341.451, 101
Trd, 863341.968, 100
Trd, 863342.101, 100
Trd, 863342.234, 101
Trd, 863342.768, 102
Trd, 863343.018, 102
Trd, 863343.318, 98
Trd, 863343.784, 101
Trd, 863343.884, 98
Trd, 863344.234, 101
Trd, 863344.618, 95
Trd, 863345.134, 97
Trd, 863345.734, 104
Trd, 863345.751, 104
Trd, 863346.034, 104
Trd, 863346.151, 101
Trd, 863346.868, 102
Trd, 863347.001, 100
Trd, 863347.284, 99
Trd, 863347.301, 101
Trd, 863347.734, 99
Trd, 863347.834, 101
Trd, 863348.251, 100
Trd, 863348.318, 102
Trd, 863348.951, 98
Trd, 863349.468, 97
Trd, 863350.601, 102
Trd, 863350.818, 97
Trd, 863351.101, 105
Trd, 863351.334, 97
Trd, 863351.768, 95
Trd, 863352.084, 95
Trd, 863352.418, 93
Trd, 863353.218, 95
Trd, 863353.351, 96
Trd, 863353.384, 94
Trd, 863353.668, 94
Trd, 863353.734, 95
Trd, 863354.984, 97
Trd, 863355.418, 98
Trd, 863355.834, 98
Trd, 863355.884, 99
Trd, 863356.084, 102
Trd, 863356.384, 102
Trd, 863356.468, 102
Trd, 863356.851, 103
Trd, 863357.201, 102
Trd, 863357.268, 101
Trd, 863357.434, 103
Trd, 863357.734, 101
Trd, 863357.751, 92
Trd, 863358.701, 101
Trd, 863358.868, 98
Trd, 863359.218, 96
Trd, 863359.418, 98
Trd, 863359.718, 97
Trd, 863360.251, 96
Trd, 863360.284, 95
Trd, 863361.418, 96
Trd, 863361.634, 99
Trd, 863361.934, 98
Trd, 863362.301, 101
Trd, 863362.951, 104
Trd, 863362.968, 103
Trd, 863363.634, 103
Trd, 863363.984, 101
Trd, 863364.584, 101
Trd, 863364.684, 100
Trd, 863365.234, 100
Trd, 863365.518, 101
Trd, 863365.868, 100
Trd, 863366.118, 101
Trd, 863366.518, 102
Trd, 863366.668, 101
Trd, 863366.701, 99
Trd, 863367.151, 95
Trd, 863367.501, 99
Trd, 863369.084, 96
Trd, 863369.184, 100
Trd, 863369.568, 96
Trd, 863369.818, 95
Trd, 863369.984, 95
Trd, 863370.068, 96
Trd, 863370.151, 93
Trd, 863371.084, 95
Trd, 863371.401, 95
Trd, 863371.451, 94
Trd, 863372.168, 89
Trd, 863372.201, 90
Trd, 863372.718, 95
Trd, 863372.768, 98
Trd, 863373.201, 100
Trd, 863373.668, 95
Trd, 863374.068, 101
Trd, 863374.884, 102
Trd, 863375.418, 103
Trd, 863375.918, 103
Trd, 863376.068, 103
Trd, 863376.118, 104
Trd, 863376.318, 104
Trd, 863376.368, 109
Trd, 863376.818, 103
Trd, 863376.868, 111
Trd, 863377.018, 103
Trd, 863377.368, 102
Trd, 863377.934, 105
Trd, 863378.401, 98
Trd, 863378.568, 108
Trd, 863379.251, 94
Trd, 863379.334, 102
Trd, 863379.484, 109
Trd, 863380.468, 106
Trd, 863381.251, 104
Trd, 863381.268, 103
Trd, 863381.718, 104
Trd, 863382.084, 104
Trd, 863382.101, 103
Trd, 863382.334, 101
Trd, 863382.418, 98
Trd, 863383.151, 100
Trd, 863383.618, 99
Trd, 863383.834, 98
Trd, 863384.168, 98
Trd, 863384.234, 98
Trd, 863384.768, 97
Trd, 863385.018, 104
Trd, 863386.418, 100
Trd, 863386.751, 103
Trd, 863386.768, 101
Trd, 863386.851, 105
Trd, 863386.984, 101
Trd, 863387.768, 99
Trd, 863387.884, 98
Trd, 863388.134, 98
Trd, 863388.151, 93
Trd, 863388.201, 100
Trd, 863388.334, 93
Trd, 863388.984, 98
Trd, 863389.168, 100
Trd, 863389.301, 94
Trd, 863389.601, 93
Trd, 863389.701, 103
Trd, 863389.801, 94
Trd, 863390.084, 93
Trd, 863390.784, 92
Trd, 863391.234, 100
Trd, 863391.434, 101
Trd, 863391.584, 95
Trd, 863392.734, 98
Trd, 863392.818, 98
Trd, 863393.668, 100
Trd, 863393.768, 101
Trd, 863394.184, 100
Trd, 863395.134, 100
Trd, 863395.484, 101
Trd, 863396.334, 102
Trd, 863396.451, 103
Trd, 863396.668, 96
Trd, 863396.934, 99
Trd, 863397.368, 96
Trd, 863397.501, 95
Trd, 863398.018, 94
Trd, 863398.334, 94
Trd, 863398.634, 94
Trd, 863398.751, 95
Trd, 863399.284, 93
Trd, 863400.001, 92
Trd, 863400.318, 92
Trd, 863400.734, 93
Trd, 863400.868, 92
Trd, 863400.951, 92
Trd, 863400.968, 93
Trd, 863401.518, 104
Trd, 863401.534, 105
Trd, 863402.034, 106
Trd, 863402.401, 92
Trd, 863403.001, 104
Trd, 863403.084, 93
Trd, 863404.118, 105
Trd, 863404.251, 105
Trd, 863404.734, 105
Trd, 863404.784, 104
Trd, 863404.901, 106
Trd, 863405.601, 102
Trd, 863405.868, 101
Trd, 863406.251, 101
Trd, 863406.551, 102
Trd, 863407.201, 101
Trd, 863407.368, 102
Trd, 863408.584, 107
Trd, 863409.551, 109
Trd, 863409.618, 111
Trd, 863409.668, 112
Trd, 863410.301, 108
Trd, 863410.518, 104
Trd, 863411.618, 104
Trd, 863412.651, 106
Trd, 863412.851, 106
Trd, 863412.951, 106
Trd, 863413.218, 105
Trd, 863413.534, 104
Trd, 863413.834, 101
Trd, 863414.118, 98
Trd, 863414.184, 95
Trd, 863414.234, 92
Trd, 863414.584, 100
Trd, 863414.618, 102
Trd, 863415.751, 93
Trd, 863415.918, 95
Trd, 863415.968, 102
Trd, 863416.284, 106
Trd, 863416.434, 105
Trd, 863416.851, 106
Trd, 863417.168, 105
Trd, 863417.301, 104
Trd, 863417.851, 101
Trd, 863418.184, 102
Trd, 863418.468, 102
Trd, 863418.484, 103
Trd, 863419.568, 100
Trd, 863419.918, 99
Trd, 863420.201, 99
Trd, 863420.301, 98
Trd, 863420.468, 95
Trd, 863420.584, 92
Trd, 863421.634, 101
Trd, 863422.101, 100
Trd, 863422.318, 101
Trd, 863422.584, 99
Trd, 863422.868, 99
Trd, 863423.201, 97
Trd, 863423.701, 99
Trd, 863423.884, 98
Trd, 863424.001, 94
Trd, 863424.218, 99
Trd, 863424.484, 95
Trd, 863424.751, 105
Trd, 863425.901, 99
Trd, 863426.301, 103
Trd, 863427.134, 103
Trd, 863427.351, 101
Trd, 863427.401, 104
Trd, 863428.218, 101
Trd, 863428.451, 99
Trd, 863428.851, 101
Trd, 863429.101, 100
Trd, 863429.401, 102
Trd, 863429.451, 100
Trd, 863429.584, 103
Trd, 863430.084, 100
Trd, 863430.251, 98
Trd, 863430.634, 95
Trd, 863430.701, 93
Trd, 863430.801, 90
Trd, 863430.868, 100
Trd, 863432.034, 97
Trd, 863432.118, 90
Trd, 863432.384, 97
Trd, 863432.401, 98
Trd, 863433.651, 98
Trd, 863433.868, 97
Trd, 863434.434, 99
Trd, 863434.968, 98
Trd, 863435.534, 99
Trd, 863435.751, 99
Trd, 863435.918, 98
Trd, 863435.934, 95
Trd, 863436.434, 96
Trd, 863436.468, 104
Trd, 863436.968, 97
Trd, 863437.701, 100
Trd, 863437.868, 101
Trd, 863438.368, 99
Trd, 863438.701, 100
Trd, 863438.834, 101
Trd, 863438.851, 99
Trd, 863438.901, 98
Trd, 863439.018, 102
Trd, 863439.384, 101
Trd, 863439.418, 93
Trd, 863439.568, 93
Trd, 863441.834, 98
Trd, 863442.134, 96
Trd, 863442.551, 97
Trd, 863442.584, 98
Trd, 863442.951, 96
Trd, 863443.118, 99
Trd, 863443.301, 98
Trd, 863443.401, 99
Trd, 863443.834, 100
Trd, 863444.151, 103
Trd, 863444.334, 105
Trd, 863444.351, 100
Trd, 863444.368, 99
Trd, 863444.534, 95
Trd, 863445.084, 104
Trd, 863446.151, 98
Trd, 863446.318, 99
Trd, 863446.451, 97
Trd, 863446.584, 95
Trd, 863446.618, 98
Trd, 863447.734, 97
Trd, 863448.034, 97
Trd, 863448.168, 98
Trd, 863448.851, 102
Trd, 863449.768, 100
Trd, 863449.884, 103
Trd, 863450.351, 102
Trd, 863450.368, 104
Trd, 863450.584, 102
Trd, 863450.901, 102
Trd, 863451.218, 102
Trd, 863452.034, 102
Trd, 863452.201, 101
Trd, 863452.734, 109
Trd, 863453.584, 105
Trd, 863453.701, 107
Trd, 863453.818, 104
Trd, 863454.034, 104
Trd, 863454.251, 105
Trd, 863454.534, 106
Trd, 863454.568, 103
Trd, 863455.151, 107
Trd, 863455.284, 104
Trd, 863455.401, 101
Trd, 863456.084, 103
Trd, 863456.134, 101
Trd, 863456.984, 100
Trd, 863457.401, 99
Trd, 863457.868, 98
Trd, 863458.201, 92
Trd, 863458.751, 95
Trd, 863458.868, 96
Trd, 863459.268, 97
Trd, 863459.451, 96
Trd, 863459.584, 96
Trd, 863460.018, 96
Trd, 863460.168, 95
Trd, 863460.234, 92
Trd, 863460.401, 90
Trd, 863460.468, 96
Trd, 863460.868, 96
Trd, 863461.851, 94
Trd, 863462.134, 95
Trd, 863462.251, 95
Trd, 863462.501, 102
Trd, 863462.984, 99
Trd, 863463.284, 98
Trd, 863463.584, 100
Trd, 863464.968, 101
Trd, 863465.418, 102
Trd, 863466.034, 102
Trd, 863466.184, 101
Trd, 863466.451, 102
Trd, 863466.768, 101
Trd, 863467.068, 101
Trd, 863467.334, 101
Trd, 863467.668, 103
Trd, 863468.484, 103
Trd, 863468.551, 104
Trd, 863468.584, 106
Trd, 863468.601, 109
Trd, 863468.768, 98
Trd, 863469.118, 96
Trd, 863469.318, 93
Trd, 863469.351, 92
Trd, 863469.984, 90
Trd, 863470.284, 102
Trd, 863470.668, 102
Trd, 863471.601, 95
Trd, 863471.618, 101
Trd, 863472.268, 99
Trd, 863472.284, 101
Trd, 863472.434, 98
Trd, 863472.818, 97
Trd, 863473.401, 102
Trd, 863473.468, 102
Trd, 863473.601, 104
Trd, 863473.818, 109
Trd, 863474.018, 102
Trd, 863474.351, 102
Trd, 863474.634, 107
Trd, 863474.801, 108
Trd, 863475.601, 101
Trd, 863475.618, 100
Trd, 863475.951, 105
Trd, 863476.001, 104
Trd, 863476.634, 99
Trd, 863476.951, 99
Trd, 863477.418, 101
Trd, 863477.918, 101
Trd, 863478.134, 100
Trd, 863478.484, 95
Trd, 863479.018, 96
Trd, 863479.368, 95
Trd, 863479.718, 94
Trd, 863479.918, 95
Trd, 863480.034, 90
Trd, 863481.301, 90
Trd, 863481.451, 94
Trd, 863481.751, 94
Trd, 863481.984, 95
Trd, 863482.184, 95
Trd, 863482.318, 96
Trd, 863482.451, 109
Trd, 863483.151, 95
Trd, 863483.434, 98
Trd, 863483.651, 102
Trd, 863483.901, 99
Trd, 863483.934, 109
Trd, 863485.351, 110
Trd, 863485.501, 109
Trd, 863485.551, 108
Trd, 863485.834, 110
Trd, 863485.868, 111
Trd, 863486.784, 107
Trd, 863487.301, 99
Trd, 863488.201, 103
Trd, 863488.434, 101
Trd, 863488.551, 100
Trd, 863488.584, 102
Trd, 863488.934, 100
Trd, 863489.501, 100
Trd, 863489.984, 100
Trd, 863490.818, 93
Trd, 863490.901, 94
Trd, 863491.068, 94
Trd, 863491.084, 97
Trd, 863491.484, 95
Trd, 863491.884, 96
Trd, 863492.301, 95
Trd, 863492.634, 94
Trd, 863492.901, 94
Trd, 863492.968, 95
Trd, 863493.784, 98
Trd, 863493.818, 95
Trd, 863493.951, 99
Trd, 863494.484, 106
Trd, 863494.734, 93
Trd, 863494.801, 90
Trd, 863495.518, 100
Trd, 863495.968, 101
Trd, 863496.234, 98
Trd, 863497.251, 96
Trd, 863497.851, 95
Trd, 863497.884, 97
Trd, 863497.918, 98
Trd, 863498.468, 95
Trd, 863499.018, 95
Trd, 863499.634, 96
Trd, 863500.668, 99
Trd, 863500.934, 98
Trd, 863501.501, 99
Trd, 863501.984, 98
Trd, 863502.034, 97
Trd, 863502.351, 99
Trd, 863502.801, 101
Trd, 863503.001, 101
Trd, 863503.251, 102
Trd, 863503.834, 102
Trd, 863504.101, 101
Trd, 863504.518, 96
Trd, 863504.734, 95
Trd, 863504.868, 95
Trd, 863505.401, 97
Trd, 863505.518, 102
Trd, 863505.701, 93
Trd, 863505.884, 104
Trd, 863506.501, 98
Trd, 863507.218, 98
Trd, 863507.484, 98
Trd, 863507.651, 99
Trd, 863507.984, 100
Trd, 863508.618, 103
Trd, 863508.751, 105
Trd, 863508.851, 104
Trd, 863509.218, 101
Trd, 863509.301, 98
Trd, 863509.468, 103
Trd, 863509.484, 96
Trd, 863511.434, 100
Trd, 863511.868, 101
Trd, 863512.084, 99
Trd, 863512.718, 101
Trd, 863512.751, 100
Trd, 863513.601, 100
Trd, 863513.684, 101
Trd, 863513.718, 102
Trd, 863513.801, 100
Trd, 863514.851, 102
Trd, 863515.118, 103
Trd, 863515.184, 101
Trd, 863515.484, 103
Trd, 863516.034, 102
Trd, 863516.401, 95
Trd, 863516.501, 92
Trd, 863517.334, 96
Trd, 863517.501, 90
Trd, 863517.934, 90
Trd, 863517.984, 91
Trd, 863518.301, 92
Trd, 863518.351, 93
Trd, 863518.451, 93
Trd, 863518.801, 93
Trd, 863519.034, 95
Trd, 863519.084, 98
Trd, 863519.334, 92
Trd, 863520.751, 102
Trd, 863520.934, 102
Trd, 863521.034, 102
Trd, 863521.218, 101
Trd, 863521.518, 102
Trd, 863521.818, 102
Trd, 863521.984, 102
Trd, 863523.451, 101
Trd, 863523.501, 102
Trd, 863523.768, 102
Trd, 863523.834, 101
Trd, 863523.884, 98
Trd, 863523.901, 109
Trd, 863524.434, 110
Trd, 863524.901, 102
Trd, 863525.234, 96
Trd, 863525.351, 101
Trd, 863525.601, 97
Trd, 863525.684, 104
Trd, 863526.484, 101
Trd, 863526.934, 96
Trd, 863527.951, 98
Trd, 863528.218, 98
Trd, 863528.484, 93
Trd, 863529.734, 91
Trd, 863529.751, 92
Trd, 863530.251, 93
Trd, 863530.518, 92
Trd, 863530.951, 94
Trd, 863531.134, 95
Trd, 863531.834, 97
Trd, 863531.868, 98
Trd, 863531.901, 96
Trd, 863532.734, 96
Trd, 863532.768, 103
Trd, 863533.201, 104
Trd, 863533.251, 95
Trd, 863533.584, 104
Trd, 863533.668, 107
Trd, 863534.284, 94
Trd, 863534.301, 109
Trd, 863534.734, 97
Trd, 863535.351, 97
Trd, 863535.618, 103
Trd, 863537.084, 103
Trd, 863537.168, 101
Trd, 863537.218, 102
Trd, 863537.334, 103
Trd, 863537.701, 102
Trd, 863537.784, 100
Trd, 863539.018, 99
Trd, 863539.451, 101
Trd, 863539.718, 101
Trd, 863539.818, 100
Trd, 863541.118, 99
Trd, 863541.201, 98
Trd, 863541.384, 95
Trd, 863541.534, 100
Trd, 863541.951, 99
Trd, 863541.968, 95
Trd, 863542.451, 95
Trd, 863542.968, 95
Trd, 863544.084, 99
Trd, 863544.284, 101
Trd, 863544.401, 100
Trd, 863544.784, 101
Trd, 863545.034, 104
Trd, 863545.101, 111
Trd, 863545.651, 102
Trd, 863545.918, 101
Trd, 863545.951, 99
Trd, 863546.918, 95
Trd, 863547.084, 94
Trd, 863547.351, 98
Trd, 863547.851, 98
Trd, 863548.184, 95
Trd, 863548.534, 97
Trd, 863548.818, 95
Trd, 863549.051, 92
Trd, 863549.184, 95
Trd, 863549.518, 96
Trd, 863550.368, 94
Trd, 863550.534, 94
Trd, 863550.868, 94
Trd, 863551.168, 95
Trd, 863552.018, 97
Trd, 863552.201, 96
Trd, 863552.368, 96
Trd, 863552.868, 97
Trd, 863552.951, 99
Trd, 863553.068, 94
Trd, 863553.468, 98
Trd, 863553.501, 97
Trd, 863553.901, 93
Trd, 863554.101, 105
Trd, 863555.534, 103
Trd, 863555.918, 105
Trd, 863556.068, 105
Trd, 863556.434, 104
Trd, 863556.751, 101
Trd, 863556.984, 100
Trd, 863557.251, 101
Trd, 863557.401, 92
Trd, 863558.201, 91
Trd, 863558.468, 99
Trd, 863558.651, 89
Trd, 863558.968, 99
Trd, 863559.368, 97
Trd, 863559.701, 96
Trd, 863559.718, 98
Trd, 863559.751, 95
Trd, 863559.951, 93
Trd, 863560.568, 98
Trd, 863560.768, 99
Trd, 863561.918, 105
Trd, 863562.101, 104
Trd, 863562.401, 105
Trd, 863562.484, 105
Trd, 863562.718, 105
Trd, 863563.018, 100
Trd, 863563.418, 100
Trd, 863563.768, 103
Trd, 863563.868, 102
Trd, 863564.134, 97
Trd, 863564.884, 96
Trd, 863565.451, 98
Trd, 863565.884, 96
Trd, 863566.018, 97
Trd, 863566.551, 96
Trd, 863566.784, 95
Trd, 863567.384, 97
Trd, 863567.668, 98
Trd, 863567.868, 97
Trd, 863568.251, 96
Trd, 863568.351, 90
Trd, 863568.484, 103
Trd, 863569.701, 99
Trd, 863569.834, 100
Trd, 863570.218, 100
Trd, 863570.434, 100
Trd, 863570.451, 102
Trd, 863571.884, 103
Trd, 863572.368, 102
Trd, 863572.568, 100
Trd, 863573.068, 102
Trd, 863573.284, 102
Trd, 863573.368, 102
Trd, 863573.418, 101
Trd, 863573.618, 99
Trd, 863573.718, 98
Trd, 863574.418, 101
Trd, 863574.468, 97
Trd, 863574.751, 103
Trd, 863575.684, 100
Trd, 863575.701, 102
Trd, 863575.868, 99
Trd, 863576.634, 103
Trd, 863577.051, 103
Trd, 863577.101, 101
Trd, 863577.418, 104
Trd, 863577.551, 102
Trd, 863577.951, 102
Trd, 863578.418, 100
Trd, 863578.718, 98
Trd, 863578.734, 103
Trd, 863579.368, 96
Trd, 863579.901, 101
Trd, 863580.351, 95
Trd, 863580.468, 93
Trd, 863581.184, 97
Trd, 863581.484, 97
Trd, 863582.468, 103
Trd, 863582.668, 103
Trd, 863582.768, 101
Trd, 863582.834, 100
Trd, 863582.884, 99
Trd, 863583.084, 104
Trd, 863583.801, 103
Trd, 863584.351, 101
Trd, 863584.618, 100
Trd, 863584.868, 100
Trd, 863585.301, 102
Trd, 863585.701, 101
Trd, 863586.218, 100
Trd, 863586.818, 102
Trd, 863586.934, 103
Trd, 863587.118, 102
Trd, 863587.701, 104
Trd, 863587.734, 109
Trd, 863587.918, 103
Trd, 863588.801, 101
Trd, 863588.968, 101
Trd, 863589.351, 96
Trd, 863590.318, 98
Trd, 863590.651, 95
Trd, 863590.784, 95
Trd, 863590.868, 97
Trd, 863591.134, 96
Trd, 863591.201, 102
Trd, 863593.184, 100
Trd, 863593.451, 96
Trd, 863593.768, 93
Trd, 863594.234, 94
Trd, 863594.368, 94
Trd, 863594.451, 93
Trd, 863594.701, 93
Trd, 863594.901, 93
Trd, 863595.301, 93
Trd, 863595.384, 92
Trd, 863595.501, 89
Trd, 863595.784, 93
Trd, 863596.034, 90
Trd, 863596.484, 94
Trd, 863596.634, 101
Trd, 863596.951, 92
Trd, 863596.984, 99
Trd, 863597.468, 99
Trd, 863598.118, 94
Trd, 863598.451, 93
Trd, 863598.534, 98
Trd, 863598.618, 92
Trd, 863599.034, 92
Trd, 863599.068, 99
Trd, 863600.751, 95
Trd, 863601.484, 94
Trd, 863601.601, 95
Trd, 863601.784, 94
Trd, 863602.384, 95
Trd, 863602.784, 94
Trd, 863602.884, 93
Trd, 863603.051, 95
Trd, 863603.251, 93
Trd, 863603.601, 99
Trd, 863604.068, 95
Trd, 863604.468, 97
Trd, 863604.501, 95
Trd, 863604.818, 97
Trd, 863605.251, 94
Trd, 863605.501, 91
Trd, 863605.934, 97
Trd, 863606.334, 100
Trd, 863607.368, 95
Trd, 863607.584, 94
Trd, 863607.618, 92
Trd, 863607.634, 96
Trd, 863607.651, 91
Trd, 863607.868, 97
Trd, 863608.468, 97
Trd, 863609.318, 97
Trd, 863609.601, 96
Trd, 863609.618, 95
Trd, 863609.651, 99
Trd, 863610.868, 98
Trd, 863611.001, 97
Trd, 863611.401, 97
Trd, 863612.084, 98
Trd, 863612.168, 98
Trd, 863613.034, 99
Trd, 863613.218, 98
Trd, 863613.401, 97
Trd, 863613.751, 95
Trd, 863613.768, 100
Trd, 863614.051, 91
Trd, 863614.501, 102
Trd, 863614.734, 92
Trd, 863615.201, 93
Trd, 863615.668, 95
Trd, 863615.868, 95
Trd, 863615.951, 95
Trd, 863615.984, 96
Trd, 863616.401, 98
Trd, 863617.168, 100
Trd, 863617.868, 102
Trd, 863618.234, 101
Trd, 863618.484, 99
Trd, 863618.618, 97
Trd, 863618.784, 99
Trd, 863618.984, 95
Trd, 863619.151, 98
Trd, 863619.484, 98
Trd, 863619.701, 93
Trd, 863619.868, 105
Trd, 863620.684, 93
Trd, 863621.768, 98
Trd, 863621.984, 99
Trd, 863622.101, 99
Trd, 863622.234, 98
Trd, 863622.318, 99
Trd, 863622.634, 98
Trd, 863622.768, 93
Trd, 863623.484, 103
Trd, 863624.118, 102
Trd, 863624.134, 96
Trd, 863624.451, 99
Trd, 863624.468, 97
Trd, 863624.918, 96
Trd, 863625.218, 95
Trd, 863626.284, 94
Trd, 863626.484, 93
Trd, 863626.784, 88
Trd, 863627.234, 90
Trd, 863627.268, 89
Trd, 863627.584, 90
Trd, 863627.634, 92
Trd, 863627.951, 89
Trd, 863628.334, 90
Trd, 863628.501, 91
Trd, 863628.834, 94
Trd, 863629.134, 94
Trd, 863629.334, 93
Trd, 863629.351, 95
Trd, 863629.618, 104
Trd, 863630.101, 105
Trd, 863630.368, 91
Trd, 863630.918, 92
Trd, 863631.051, 90
Trd, 863631.434, 90
Trd, 863631.518, 91
Trd, 863633.118, 94
Trd, 863633.184, 93
Trd, 863633.501, 94
Trd, 863633.818, 95
Trd, 863634.018, 100
Trd, 863634.584, 101
Trd, 863635.034, 96
Trd, 863635.101, 97
Trd, 863635.434, 97
Trd, 863635.501, 98
Trd, 863635.768, 99
Trd, 863635.801, 101
Trd, 863635.851, 98
Trd, 863636.468, 110
Trd, 863636.868, 115
Trd, 863637.068, 101
Trd, 863637.451, 100
Trd, 863639.634, 104
Trd, 863640.534, 105
Trd, 863640.918, 104
Trd, 863641.201, 103
Trd, 863641.368, 101
Trd, 863641.568, 97
Trd, 863641.584, 95
Trd, 863641.851, 93
Trd, 863642.518, 96
Trd, 863642.618, 95
Trd, 863642.751, 93
Trd, 863643.134, 94
Trd, 863643.151, 95
Trd, 863643.234, 96
Trd, 863643.251, 88
Trd, 863643.584, 98
Trd, 863644.718, 101
Trd, 863644.934, 101
Trd, 863645.034, 99
Trd, 863646.018, 104
Trd, 863646.584, 102
Trd, 863646.734, 101
Trd, 863647.351, 104
Trd, 863647.534, 103
Trd, 863647.734, 103
Trd, 863647.918, 103
Trd, 863649.068, 102
Trd, 863649.201, 101
Trd, 863649.368, 99
Trd, 863649.418, 98
Trd, 863649.851, 96
Trd, 863650.518, 102
Trd, 863650.684, 99
Trd, 863650.718, 98
Trd, 863651.051, 101
Trd, 863651.201, 103
Trd, 863651.551, 103
Trd, 863652.051, 102
Trd, 863652.368, 96
Trd, 863652.501, 107
Trd, 863652.951, 109
Trd, 863653.934, 103
Trd, 863654.451, 102
Trd, 863654.684, 101
Trd, 863654.718, 98
Trd, 863655.634, 107
Trd, 863655.918, 108
Trd, 863656.418, 107
Trd, 863656.518, 106
Trd, 863656.584, 101
Trd, 863657.701, 101
Trd, 863658.034, 97
Trd, 863658.401, 99
Trd, 863658.651, 98
Trd, 863658.818, 98
Trd, 863659.001, 98
Trd, 863659.068, 96
Trd, 863659.484, 97
Trd, 863659.684, 97
Trd, 863660.134, 93
Trd, 863660.734, 95
Trd, 863661.418, 93
Trd, 863661.434, 94
Trd, 863661.818, 92
Trd, 863661.918, 93
Trd, 863662.268, 95
Trd, 863662.784, 106
Trd, 863663.401, 104
Trd, 863663.601, 104
Trd, 863663.734, 105
Trd, 863663.751, 98
Trd, 863665.534, 101
Trd, 863665.718, 100
Trd, 863665.768, 98
Trd, 863666.251, 100
Trd, 863666.568, 100
Trd, 863666.684, 98
Trd, 863667.234, 97
Trd, 863667.684, 100
Trd, 863667.868, 98
Trd, 863667.984, 101
Trd, 863668.301, 99
Trd, 863668.584, 99
Trd, 863668.984, 98
Trd, 863669.001, 95
Trd, 863669.668, 97
Trd, 863669.801, 101
Trd, 863670.001, 95
Trd, 863670.251, 106
Trd, 863671.434, 98
Trd, 863671.601, 97
Trd, 863671.818, 96
Trd, 863672.384, 94
Trd, 863672.551, 93
Trd, 863672.568, 95
Trd, 863672.601, 91
Trd, 863673.151, 90
Trd, 863673.568, 96
Trd, 863673.618, 98
Trd, 863673.651, 103
Trd, 863673.851, 90
Trd, 863674.584, 93
Trd, 863675.134, 93
Trd, 863675.284, 101
Trd, 863675.884, 102
Trd, 863675.901, 96
Trd, 863675.951, 95
Trd, 863676.784, 99
Trd, 863676.851, 100
Trd, 863677.484, 99
Trd, 863677.551, 96
Trd, 863678.134, 100
Trd, 863678.251, 96
Trd, 863678.268, 95
Trd, 863679.718, 98
Trd, 863679.868, 97
Trd, 863680.101, 98
Trd, 863680.334, 99
Trd, 863680.534, 98
Trd, 863680.901, 99
Trd, 863681.584, 99
Trd, 863681.984, 99
Trd, 863682.168, 100
Trd, 863682.234, 102
Trd, 863683.068, 103
Trd, 863683.401, 103
Trd, 863683.734, 103
Trd, 863683.768, 104
Trd, 863683.884, 102
Trd, 863684.951, 100
Trd, 863685.151, 99
Trd, 863685.418, 100
Trd, 863685.668, 99
Trd, 863686.084, 98
Trd, 863686.168, 102
Trd, 863686.368, 98
Trd, 863686.434, 97
Trd, 863687.351, 100
Trd, 863687.968, 97
Trd, 863688.034, 98
Trd, 863688.534, 98
Trd, 863688.634, 99
Trd, 863689.018, 99
Trd, 863689.984, 99
Trd, 863690.651, 102
Trd, 863690.801, 102
Trd, 863691.018, 101
Trd, 863692.101, 103
Trd, 863692.151, 102
Trd, 863692.634, 102
Trd, 863692.868, 102
Trd, 863693.684, 100
Trd, 863693.751, 99
Trd, 863694.068, 99
Trd, 863694.168, 100
Trd, 863694.434, 99
Trd, 863694.518, 98
Trd, 863694.884, 98
Trd, 863695.118, 98
Trd, 863695.384, 100
Trd, 863695.951, 98
Trd, 863696.001, 102
Trd, 863696.168, 93
Trd, 863696.218, 92
Trd, 863696.351, 104
Trd, 863698.001, 96
Trd, 863698.018, 97
Trd, 863698.268, 96
Trd, 863698.451, 99
Trd, 863698.568, 95
Trd, 863699.801, 97
Trd, 863700.034, 96
Trd, 863700.168, 97
Trd, 863700.384, 96
Trd, 863700.451, 97
Trd, 863701.618, 99
Trd, 863701.851, 102
Trd, 863702.434, 102
Trd, 863702.451, 101
Trd, 863702.884, 103
Trd, 863702.934, 97
Trd, 863703.034, 96
Trd, 863703.234, 95
Trd, 863703.751, 95
Trd, 863703.984, 104
Trd, 863704.684, 105
Trd, 863705.001, 102
Trd, 863705.484, 102
Trd, 863706.084, 101
Trd, 863706.334, 98
Trd, 863706.668, 99
Trd, 863707.284, 99
Trd, 863707.584, 97
Trd, 863707.684, 95
Trd, 863707.751, 98
Trd, 863708.751, 95
Trd, 863708.901, 94
Trd, 863709.218, 95
Trd, 863709.551, 95
Trd, 863709.701, 96
Trd, 863709.951, 98
Trd, 863710.651, 100
Trd, 863710.734, 98
Trd, 863711.168, 99
Trd, 863711.201, 99
Trd, 863711.434, 101
Trd, 863711.834, 99
Trd, 863712.184, 103
Trd, 863712.734, 101
Trd, 863713.151, 99
Trd, 863713.568, 100
Trd, 863713.801, 101
Trd, 863714.201, 99
Trd, 863714.568, 109
Trd, 863714.768, 101
Trd, 863715.118, 115
Trd, 863715.834, 113
Trd, 863716.651, 104
Trd, 863716.851, 101
Trd, 863717.001, 98
Trd, 863717.984, 98
Trd, 863718.068, 98
Trd, 863718.718, 98
Trd, 863718.968, 99
Trd, 863719.034, 98
Trd, 863719.601, 102
Trd, 863719.984, 104
Trd, 863720.184, 103
Trd, 863720.251, 102
Trd, 863720.718, 98
Trd, 863720.901, 99
Trd, 863721.101, 101
Trd, 863721.168, 102
Trd, 863721.751, 101
Trd, 863721.968, 101
Trd, 863722.151, 103
Trd, 863722.201, 101
Trd, 863723.434, 98
Trd, 863723.534, 95
Trd, 863724.068, 94
Trd, 863724.484, 95
Trd, 863724.601, 95
Trd, 863724.984, 94
Trd, 863725.034, 93
Trd, 863725.101, 97
Trd, 863725.584, 94
Trd, 863726.051, 95
Trd, 863726.101, 107
Trd, 863726.284, 91
Trd, 863726.918, 107
Trd, 863727.151, 93
Trd, 863727.451, 94
Trd, 863727.568, 92
Trd, 863728.184, 94
Trd, 863728.901, 98
Trd, 863729.434, 98
Trd, 863729.584, 100
Trd, 863729.934, 98
Trd, 863730.001, 101
Trd, 863730.584, 95
Trd, 863731.134, 98
Trd, 863731.184, 97
Trd, 863731.384, 96
Trd, 863731.501, 95
Trd, 863731.784, 94
Trd, 863732.034, 93
Trd, 863732.134, 92
Trd, 863732.534, 93
Trd, 863732.568, 92
Trd, 863732.684, 91
Trd, 863733.318, 104
Trd, 863734.118, 102
Trd, 863734.201, 98
Trd, 863734.718, 98
Trd, 863735.468, 91
Trd, 863735.984, 92
Trd, 863736.118, 90
Trd, 863736.201, 95
Trd, 863736.684, 94
Trd, 863736.734, 97
Trd, 863737.468, 97
Trd, 863737.834, 97
Trd, 863737.851, 98
Trd, 863738.168, 101
Trd, 863738.518, 102
Trd, 863738.568, 101
Trd, 863738.784, 97
Trd, 863739.868, 101
Trd, 863740.168, 101
Trd, 863740.551, 99
Trd, 863740.701, 100
Trd, 863741.634, 104
Trd, 863741.668, 97
Trd, 863741.884, 96
Trd, 863741.934, 95
Trd, 863743.318, 99
Trd, 863743.351, 100
Trd, 863744.184, 100
Trd, 863744.218, 98
Trd, 863744.251, 95
Trd, 863744.418, 107
Trd, 863744.784, 109
Trd, 863746.284, 101
Trd, 863746.784, 103
Trd, 863746.968, 101
Trd, 863747.451, 100
Trd, 863747.951, 97
Trd, 863748.034, 96
Trd, 863748.434, 95
Trd, 863748.468, 95
Trd, 863748.601, 97
Trd, 863748.701, 93
Trd, 863749.118, 95
Trd, 863749.168, 96
Trd, 863749.318, 91
Trd, 863749.918, 100
Trd, 863750.201, 93
Trd, 863750.801, 99
Trd, 863751.118, 98
Trd, 863751.601, 99
Trd, 863751.701, 100
Trd, 863751.868, 101
Trd, 863752.601, 101
Trd, 863752.701, 103
Trd, 863753.534, 108
Trd, 863753.568, 109
Trd, 863753.784, 106
Trd, 863754.101, 104
Trd, 863754.568, 105
Trd, 863754.768, 105
Trd, 863755.118, 105
Trd, 863755.584, 108
Trd, 863756.201, 108
Trd, 863756.401, 101
Trd, 863756.801, 98
Trd, 863757.184, 112
Trd, 863757.818, 114
Trd, 863758.468, 94
Trd, 863758.618, 93
Trd, 863758.651, 99
Trd, 863759.568, 96
Trd, 863759.584, 94
Trd, 863759.734, 95
Trd, 863759.868, 96
Trd, 863759.918, 95
Trd, 863760.468, 96
Trd, 863761.934, 101
Trd, 863762.201, 100
Trd, 863762.334, 101
Trd, 863762.584, 99
Trd, 863763.434, 96
Trd, 863763.684, 96
Trd, 863763.768, 95
Trd, 863764.468, 95
Trd, 863764.651, 96
Trd, 863764.784, 94
Trd, 863764.801, 97
Trd, 863765.118, 98
Trd, 863765.601, 103
Trd, 863766.251, 106
Trd, 863767.101, 105
Trd, 863767.684, 97
Trd, 863767.701, 97
Trd, 863767.718, 96
Trd, 863767.801, 104
Trd, 863768.318, 96
Trd, 863768.734, 97
Trd, 863768.818, 95
Trd, 863768.901, 94
Trd, 863769.401, 102
Trd, 863770.334, 103
Trd, 863770.368, 98
Trd, 863770.434, 107
Trd, 863770.634, 98
Trd, 863771.301, 103
Trd, 863771.334, 105
Trd, 863771.401, 100
Trd, 863771.551, 100
Trd, 863771.684, 107
Trd, 863772.051, 108
Trd, 863772.701, 107
Trd, 863773.134, 106
Trd, 863773.184, 104
Trd, 863773.268, 101
Trd, 863773.568, 101
Trd, 863774.251, 101
Trd, 863774.668, 101
Trd, 863774.868, 100
Trd, 863775.051, 98
Trd, 863775.068, 95
Trd, 863775.318, 108
Trd, 863775.968, 93
Trd, 863777.518, 100
Trd, 863777.751, 99
Trd, 863777.984, 98
Trd, 863778.484, 97
Trd, 863778.734, 97
Trd, 863779.034, 97
Trd, 863779.184, 98
Trd, 863779.768, 100
Trd, 863779.934, 94
Trd, 863780.284, 93
Trd, 863780.584, 94
Trd, 863781.534, 98
Trd, 863781.601, 96
Trd, 863781.618, 95
Trd, 863781.968, 101
Trd, 863782.401, 92
Trd, 863782.468, 98
Trd, 863782.584, 101
Trd, 863783.118, 102
Trd, 863783.384, 104
Trd, 863783.634, 96
Trd, 863783.934, 96
Trd, 863784.918, 100
Trd, 863785.201, 100
Trd, 863785.784, 100
Trd, 863786.034, 99
Trd, 863786.418, 104
Trd, 863786.618, 101
Trd, 863786.951, 99
Trd, 863787.234, 102
Trd, 863787.284, 104
Trd, 863787.601, 100
Trd, 863787.851, 101
Trd, 863788.018, 100
Trd, 863788.218, 101
Trd, 863788.501, 98
Trd, 863789.534, 95
Trd, 863790.568, 96
Trd, 863790.618, 97
Trd, 863790.834, 106
Trd, 863791.201, 96
Trd, 863791.934, 95
Trd, 863792.601, 95
Trd, 863792.684, 94
Trd, 863793.301, 95
Trd, 863793.751, 99
Trd, 863793.801, 96
Trd, 863794.501, 101
Trd, 863795.001, 102
Trd, 863795.068, 100
Trd, 863795.501, 98
Trd, 863796.034, 96
Trd, 863796.551, 97
Trd, 863796.634, 98
Trd, 863797.151, 107
Trd, 863797.284, 112
Trd, 863797.401, 98
Trd, 863797.834, 99
Trd, 863798.701, 104
Trd, 863798.901, 100
Trd, 863799.418, 99
Trd, 863799.518, 98
Trd, 863799.684, 98
Trd, 863799.968, 96
Trd, 863800.101, 95
Trd, 863800.268, 96
Trd, 863800.601, 96
Trd, 863800.868, 96
Trd, 863801.134, 95
Trd, 863802.334, 96
Trd, 863802.401, 96
Trd, 863802.534, 96
Trd, 863802.634, 98
Trd, 863802.834, 96
Trd, 863802.984, 100
Trd, 863804.168, 99
Trd, 863804.234, 101
Trd, 863804.634, 99
Trd, 863804.934, 95
Trd, 863805.234, 103
Trd, 863805.318, 93
Trd, 863805.434, 94
Trd, 863806.668, 98
Trd, 863806.751, 94
Trd, 863807.534, 94
Trd, 863807.801, 94
Trd, 863807.968, 92
Trd, 863808.151, 90
Trd, 863808.718, 88
Trd, 863809.001, 92
Trd, 863809.334, 91
Trd, 863809.484, 92
Trd, 863809.718, 93
Trd, 863809.751, 92
Trd, 863809.918, 95
Trd, 863810.051, 102
Trd, 863810.368, 93
Trd, 863811.251, 94
Trd, 863811.284, 93
Trd, 863811.418, 95
Trd, 863811.701, 92
Trd, 863812.151, 95
Trd, 863812.451, 104
Trd, 863813.318, 103
Trd, 863813.601, 99
Trd, 863814.901, 104
Trd, 863815.101, 104
Trd, 863815.234, 103
Trd, 863815.534, 103
Trd, 863816.218, 102
Trd, 863816.284, 101
Trd, 863816.934, 103
Trd, 863816.968, 102
Trd, 863817.034, 101
Trd, 863817.218, 100
Trd, 863817.368, 98
Trd, 863817.584, 101
Trd, 863817.868, 101
Trd, 863818.534, 97
Trd, 863819.368, 97
Trd, 863819.534, 93
Trd, 863820.001, 93
Trd, 863820.701, 97
Trd, 863821.068, 95
Trd, 863821.584, 96
Trd, 863821.951, 95
Trd, 863822.384, 91
Trd, 863823.068, 93
Trd, 863823.218, 93
Trd, 863823.251, 92
Trd, 863823.268, 90
Trd, 863824.134, 90
Trd, 863824.834, 93
Trd, 863825.001, 94
Trd, 863825.068, 101
Trd, 863825.168, 102
Trd, 863825.968, 102
Trd, 863826.151, 103
Trd, 863826.401, 109
Trd, 863826.618, 104
Trd, 863826.634, 97
Trd, 863826.884, 99
Trd, 863827.751, 101
Trd, 863828.468, 104
Trd, 863828.518, 105
Trd, 863828.634, 106
Trd, 863829.368, 106
Trd, 863829.668, 106
Trd, 863829.901, 105
Trd, 863830.134, 101
Trd, 863830.518, 104
Trd, 863830.818, 104
Trd, 863831.351, 110
Trd, 863831.834, 112
Trd, 863832.484, 106
Trd, 863832.718, 106
Trd, 863833.251, 107
Trd, 863833.301, 105
Trd, 863833.918, 105
Trd, 863834.068, 104
Trd, 863834.318, 104
Trd, 863834.534, 102
Trd, 863835.118, 101
Trd, 863835.334, 98
Trd, 863835.768, 101
Trd, 863836.318, 100
Trd, 863836.351, 99
Trd, 863836.401, 101
Trd, 863836.751, 98
Trd, 863837.234, 99
Trd, 863837.334, 98
Trd, 863837.934, 96
Trd, 863838.234, 103
Trd, 863838.884, 98
Trd, 863838.901, 97
Trd, 863839.268, 98
Trd, 863839.368, 97
Trd, 863839.418, 95
Trd, 863840.684, 97
Trd, 863840.718, 100
Trd, 863841.101, 95
Trd, 863841.451, 102
Trd, 863842.918, 101
Trd, 863843.118, 101
Trd, 863843.168, 102
Trd, 863843.318, 102
Trd, 863843.568, 100
Trd, 863844.118, 102
Trd, 863844.151, 103
Trd, 863844.351, 104
Trd, 863844.684, 104
Trd, 863844.784, 107
Trd, 863845.201, 104
Trd, 863846.401, 109
Trd, 863846.551, 101
Trd, 863846.934, 99
Trd, 863847.234, 99
Trd, 863847.418, 98
Trd, 863847.451, 99
Trd, 863847.668, 101
Trd, 863847.801, 95
Trd, 863848.801, 88
Trd, 863848.834, 87
Trd, 863848.918, 82
Trd, 863849.551, 95
Trd, 863850.018, 94
Trd, 863850.401, 94
Trd, 863850.434, 95
Trd, 863851.284, 98
Trd, 863851.384, 100
Trd, 863851.668, 104
Trd, 863852.118, 96
Trd, 863852.268, 95
Trd, 863852.901, 95
Trd, 863853.851, 97
Trd, 863854.401, 98
Trd, 863854.484, 97
Trd, 863854.584, 97
Trd, 863854.784, 98
Trd, 863854.818, 99
Trd, 863855.034, 99
Trd, 863855.534, 100
Trd, 863855.568, 95
Trd, 863856.701, 98
Trd, 863856.934, 98
Trd, 863857.151, 99
Trd, 863857.184, 97
Trd, 863857.901, 98
Trd, 863857.934, 97
Trd, 863858.784, 100
Trd, 863858.918, 99
Trd, 863859.234, 101
Trd, 863859.384, 100
Trd, 863859.401, 93
Trd, 863859.884, 91
Trd, 863859.934, 90
Trd, 863860.734, 91
Trd, 863861.051, 92
Trd, 863862.184, 102
Trd, 863862.468, 102
Trd, 863862.718, 101
Trd, 863863.034, 100
Trd, 863863.134, 99
Trd, 863863.984, 101
Trd, 863864.034, 100
Trd, 863864.501, 98
Trd, 863864.701, 98
Trd, 863864.751, 97
Trd, 863865.134, 98
Trd, 863865.318, 97
Trd, 863865.384, 100
Trd, 863865.434, 95
Trd, 863865.684, 99
Trd, 863865.834, 95
Trd, 863865.868, 104
Trd, 863865.968, 90
Trd, 863866.318, 108
Trd, 863867.784, 94
Trd, 863868.151, 105
Trd, 863868.968, 97
Trd, 863869.018, 96
Trd, 863869.701, 98
Trd, 863870.634, 101
Trd, 863870.918, 100
Trd, 863870.951, 100
Trd, 863871.034, 101
Trd, 863871.251, 99
Trd, 863871.684, 95
Trd, 863872.451, 98
Trd, 863872.651, 98
Trd, 863872.784, 96
Trd, 863873.168, 98
Trd, 863873.634, 99
Trd, 863873.934, 99
Trd, 863874.834, 105
Trd, 863875.068, 108
Trd, 863875.118, 107
Trd, 863875.501, 106
Trd, 863875.518, 105
Trd, 863875.801, 101
Trd, 863876.251, 107
Trd, 863877.201, 99
Trd, 863877.434, 100
Trd, 863877.984, 98
Trd, 863878.151, 95
Trd, 863879.084, 92
Trd, 863879.401, 93
Trd, 863880.101, 96
Trd, 863880.218, 95
Trd, 863880.534, 95
Trd, 863880.884, 95
Trd, 863881.368, 93
Trd, 863881.601, 94
Trd, 863881.834, 93
Trd, 863882.601, 99
Trd, 863883.818, 104
Trd, 863883.901, 96
Trd, 863884.734, 99
Trd, 863884.868, 99
Trd, 863885.184, 93
Trd, 863885.468, 99
Trd, 863885.501, 98
Trd, 863885.868, 96
Trd, 863886.101, 96
Trd, 863886.434, 96
Trd, 863886.618, 96
Trd, 863886.784, 96
Trd, 863887.284, 104
Trd, 863887.851, 93
Trd, 863888.034, 101
Trd, 863889.318, 101
Trd, 863889.601, 101
Trd, 863889.751, 102
Trd, 863889.818, 102
Trd, 863889.934, 101
Trd, 863890.468, 108
Trd, 863890.768, 104
Trd, 863891.101, 105
Trd, 863891.118, 103
Trd, 863891.218, 101
Trd, 863891.318, 100
Trd, 863892.084, 107
Trd, 863892.484, 99
Trd, 863892.984, 104
Trd, 863893.184, 98
Trd, 863893.634, 99
Trd, 863893.734, 98
Trd, 863893.768, 99
Trd, 863893.801, 95
Trd, 863893.951, 93
Trd, 863896.018, 99
Trd, 863896.468, 101
Trd, 863897.134, 104
Trd, 863897.234, 99
Trd, 863897.401, 105
Trd, 863897.568, 95
Trd, 863897.834, 97
Trd, 863898.451, 90
Trd, 863898.801, 87
Trd, 863898.918, 92
Trd, 863899.384, 90
Trd, 863899.918, 90
Trd, 863900.234, 90
Trd, 863900.284, 91
Trd, 863900.401, 93
Trd, 863901.234, 87
Trd, 863901.984, 89
Trd, 863902.368, 93
Trd, 863902.451, 95
Trd, 863903.284, 97
Trd, 863903.634, 101
Trd, 863903.651, 101
Trd, 863903.868, 109
Trd, 863904.001, 102
Trd, 863904.068, 112
Trd, 863904.251, 100
Trd, 863904.634, 100
Trd, 863904.651, 115
Trd, 863905.168, 100
Trd, 863905.618, 99
Trd, 863905.751, 100
Trd, 863906.484, 96
Trd, 863906.801, 96
Trd, 863907.451, 99
Trd, 863908.518, 101
Trd, 863908.751, 103
Trd, 863909.034, 103
Trd, 863909.401, 101
Trd, 863909.634, 104
Trd, 863909.851, 102
Trd, 863910.018, 104
Trd, 863910.651, 100
Trd, 863911.051, 101
Trd, 863911.534, 99
Trd, 863911.668, 98
Trd, 863911.801, 96
Trd, 863911.834, 102
Trd, 863912.418, 100
Trd, 863912.868, 97
Trd, 863912.934, 96
Trd, 863913.201, 100
Trd, 863913.718, 97
Trd, 863913.884, 98
Trd, 863914.868, 106
Trd, 863915.401, 102
Trd, 863915.518, 101
Trd, 863915.634, 100
Trd, 863915.734, 104
Trd, 863916.618, 97
Trd, 863916.668, 97
Trd, 863916.918, 99
Trd, 863917.068, 103
Trd, 863917.418, 99
Trd, 863918.101, 101
Trd, 863918.168, 100
Trd, 863918.284, 101
Trd, 863919.168, 99
Trd, 863919.868, 100
Trd, 863920.134, 100
Trd, 863920.284, 98
Trd, 863920.418, 95
Trd, 863921.018, 96
Trd, 863921.134, 95
Trd, 863921.268, 98
Trd, 863921.384, 93
Trd, 863921.468, 92
Trd, 863921.734, 98
Trd, 863922.151, 92
Trd, 863923.468, 91
Trd, 863923.751, 91
Trd, 863923.801, 92
Trd, 863923.984, 93
Trd, 863924.084, 95
Trd, 863924.684, 98
Trd, 863925.618, 100
Trd, 863925.951, 99
Trd, 863926.301, 100
Trd, 863926.401, 99
Trd, 863926.751, 99
Trd, 863926.868, 102
Trd, 863927.384, 102
Trd, 863927.468, 102
Trd, 863928.084, 101
Trd, 863928.184, 100
Trd, 863928.584, 101
Trd, 863929.401, 104
Trd, 863930.018, 105
Trd, 863930.034, 104
Trd, 863930.384, 104
Trd, 863930.718, 104
Trd, 863931.184, 102
Trd, 863931.701, 104
Trd, 863932.134, 102
Trd, 863932.234, 101
Trd, 863932.551, 99
Trd, 863933.034, 100
Trd, 863933.051, 99
Trd, 863934.151, 98
Trd, 863934.768, 99
Trd, 863934.901, 99
Trd, 863935.168, 99
Trd, 863935.751, 103
Trd, 863935.818, 102
Trd, 863936.151, 97
Trd, 863936.201, 108
Trd, 863936.651, 98
Trd, 863936.968, 98
Trd, 863937.301, 97
Trd, 863937.484, 98
Trd, 863937.601, 96
Trd, 863937.884, 95
Trd, 863938.101, 92
Trd, 863938.834, 92
Trd, 863939.318, 92
Trd, 863939.351, 93
Trd, 863940.084, 93
Trd, 863940.751, 95
Trd, 863941.101, 94
Trd, 863941.118, 93
Trd, 863941.551, 103
Trd, 863942.984, 102
Trd, 863943.351, 102
Trd, 863943.584, 96
Trd, 863943.718, 104
Trd, 863944.501, 102
Trd, 863944.834, 107
Trd, 863944.951, 108
Trd, 863945.201, 105
Trd, 863945.301, 104
Trd, 863945.601, 106
Trd, 863946.051, 106
Trd, 863946.518, 105
Trd, 863946.884, 104
Trd, 863947.534, 98
Trd, 863947.618, 102
Trd, 863947.901, 100
Trd, 863948.068, 102
Trd, 863948.084, 99
Trd, 863948.151, 98
Trd, 863949.201, 101
Trd, 863949.318, 101
Trd, 863949.601, 101
Trd, 863949.618, 101
Trd, 863950.334, 101
Trd, 863951.034, 102
Trd, 863951.134, 107
Trd, 863951.284, 109
Trd, 863951.384, 95
Trd, 863952.568, 95
Trd, 863953.051, 100
Trd, 863954.034, 100
Trd, 863954.234, 96
Trd, 863954.251, 95
Trd, 863954.751, 95
Trd, 863954.784, 93
Trd, 863955.018, 100
Trd, 863955.484, 93
Trd, 863955.868, 96
Trd, 863956.301, 97
Trd, 863956.418, 97
Trd, 863956.618, 97
Trd, 863956.834, 97
Trd, 863957.234, 95
Trd, 863957.868, 93
Trd, 863958.784, 93
Trd, 863959.251, 93
Trd, 863959.534, 94
Trd, 863959.868, 94
Trd, 863960.518, 95
Trd, 863960.534, 101
Trd, 863961.301, 97
Trd, 863961.434, 98
Trd, 863961.584, 97
Trd, 863962.001, 97
Trd, 863962.168, 100
Trd, 863962.418, 97
Trd, 863962.584, 104
Trd, 863962.768, 93
Trd, 863963.034, 95
Trd, 863963.151, 109
Trd, 863963.918, 115
Trd, 863964.234, 103
Trd, 863964.318, 103
Trd, 863964.418, 114
Trd, 863964.851, 105
Trd, 863964.918, 104
Trd, 863966.034, 98
Trd, 863966.584, 102
Trd, 863967.184, 99
Trd, 863967.468, 99
Trd, 863967.568, 99
Trd, 863967.801, 99
Trd, 863968.251, 100
Trd, 863968.601, 101
Trd, 863969.918, 101
Trd, 863970.418, 101
Trd, 863970.634, 102
Trd, 863971.068, 103
Trd, 863971.134, 104
Trd, 863971.151, 103
Trd, 863971.518, 105
Trd, 863971.718, 99
Trd, 863971.951, 98
Trd, 863972.801, 97
Trd, 863973.101, 96
Trd, 863973.318, 95
Trd, 863973.368, 95
Trd, 863973.768, 95
Trd, 863974.018, 94
Trd, 863974.501, 101
Trd, 863974.534, 101
Trd, 863974.668, 95
Trd, 863975.184, 90
Trd, 863975.368, 105
Trd, 863976.018, 109
Trd, 863976.401, 104
Trd, 863977.351, 102
Trd, 863977.434, 108
Trd, 863977.801, 105
Trd, 863978.318, 104
Trd, 863979.018, 103
Trd, 863979.934, 104
Trd, 863979.968, 105
Trd, 863980.068, 103
Trd, 863980.418, 104
Trd, 863980.434, 102
Trd, 863980.568, 102
Trd, 863980.634, 101
Trd, 863981.134, 98
Trd, 863981.568, 100
Trd, 863981.901, 97
Trd, 863982.118, 96
Trd, 863982.418, 97
Trd, 863982.434, 96
Trd, 863982.551, 99
Trd, 863983.151, 99
Trd, 863983.634, 99
Trd, 863983.734, 98
Trd, 863984.818, 99
Trd, 863984.951, 99
Trd, 863985.234, 99
Trd, 863985.618, 98
Trd, 863985.884, 99
Trd, 863986.084, 101
Trd, 863986.134, 98
Trd, 863986.518, 104
Trd, 863987.201, 98
Trd, 863987.251, 97
Trd, 863987.568, 96
Trd, 863988.001, 104
Trd, 863988.068, 104
Trd, 863988.718, 99
Trd, 863988.918, 100
Trd, 863989.018, 101
Trd, 863989.851, 103
Trd, 863990.184, 104
Trd, 863990.868, 103
Trd, 863991.801, 104
Trd, 863992.018, 101
Trd, 863992.184, 101
Trd, 863993.018, 103
Trd, 863993.401, 98
Trd, 863993.484, 97
Trd, 863994.468, 95
Trd, 863994.551, 93
Trd, 863994.634, 101
Trd, 863994.784, 103
Trd, 863995.684, 100
Trd, 863995.868, 101
Trd, 863995.984, 102
Trd, 863996.184, 94
Trd, 863996.268, 93
Trd, 863996.684, 94
Trd, 863996.968, 94
Trd, 863997.018, 95
Trd, 863997.868, 93
Trd, 863997.901, 102
Trd, 863998.001, 103
Trd, 863998.034, 91
