Trd, 863313.818, 110
Trd, 863314.518, 111
Trd, 863315.068, 115
Trd, 863315.218, 104
Trd, 863315.318, 104
Trd, 863315.701, 114
Trd, 863316.268, 106
Trd, 863316.284, 104
Trd, 863316.551, 101
Trd, 863316.768, 106
Trd, 863317.168, 88
Trd, 863317.718, 83
Trd, 863317.851, 108
Trd, 863318.184, 109
Trd, 863318.784, 94
Trd, 863319.651, 93
Trd, 863319.734, 95
Trd, 863319.984, 106
Trd, 863320.334, 104
Trd, 863320.684, 88
Trd, 863320.818, 88
Trd, 863321.284, 107
Trd, 863321.434, 87
Trd, 863321.818, 112
Trd, 863322.484, 116
Trd, 863322.568, 116
Trd, 863323.418, 99
Trd, 863323.968, 111
Trd, 863324.168, 104
Trd, 863324.368, 112
Trd, 863324.584, 99
Trd, 863324.701, 112
Trd, 863324.951, 116
Trd, 863325.251, 112
Trd, 863326.584, 103
Trd, 863327.134, 100
Trd, 863327.934, 100
Trd, 863328.734, 98
Trd, 863328.884, 94
Trd, 863329.034, 102
Trd, 863329.101, 106
Trd, 863329.234, 108
Trd, 863329.568, 93
Trd, 863330.301, 103
Trd, 863330.618, 108
Trd, 863330.818, 108
Trd, 863331.184, 93
Trd, 863331.918, 110
Trd, 863332.401, 102
Trd, 863332.468, 113
Trd, 863332.501, 115
Trd, 863332.651, 98
Trd, 863333.168, 106
Trd, 863333.934, 111
Trd, 863334.251, 94
Trd, 863334.718, 95
Trd, 863335.201, 109
Trd, 863335.334, 96
Trd, 863335.351, 95
Trd, 863335.668, 95
Trd, 863336.084, 94
Trd, 863336.284, 94
Trd, 863336.418, 93
Trd, 863336.651, 111
Trd, 863336.901, 117
Trd, 863337.084, 115
Trd, 863337.984, 107
Trd, 863338.534, 107
Trd, 863339.218, 106
Trd, 863339.651, 96
Trd, 863340.168, 93
Trd, 863341.051, 104
Trd, 863341.234, 94
Trd, 863341.484, 104
Trd, 863341.751, 109
Trd, 863342.101, 97
Trd, 863342.768, 110
Trd, 863343.134, 96
Trd, 863343.334, 93
Trd, 863343.868, 94
Trd, 863344.468, 106
Trd, 863344.518, 107
Trd, 863344.551, 111
Trd, 863345.418, 112
Trd, 863346.201, 114
Trd, 863346.634, 105
Trd, 863346.818, 122
Trd, 863346.951, 105
Trd, 863347.034, 104
Trd, 863348.151, 117
Trd, 863348.218, 107
Trd, 863348.484, 106
Trd, 863348.618, 107
Trd, 863349.101, 106
Trd, 863349.334, 114
Trd, 863349.434, 119
Trd, 863349.468, 104
Trd, 863349.768, 97
Trd, 863350.084, 110
Trd, 863350.218, 95
Trd, 863350.318, 94
Trd, 863350.701, 93
Trd, 863351.018, 110
Trd, 863351.668, 94
Trd, 863351.751, 111
Trd, 863352.001, 93
Trd, 863352.551, 111
Trd, 863352.601, 92
Trd, 863354.484, 111
Trd, 863355.334, 107
Trd, 863355.351, 105
Trd, 863356.068, 105
Trd, 863356.201, 117
Trd, 863356.284, 122
Trd, 863356.418, 115
Trd, 863356.584, 111
Trd, 863357.151, 104
Trd, 863357.184, 105
Trd, 863358.568, 112
Trd, 863359.084, 105
Trd, 863359.434, 106
Trd, 863359.634, 105
Trd, 863359.651, 103
Trd, 863359.884, 104
Trd, 863360.951, 100
Trd, 863361.084, 93
Trd, 863361.284, 104
Trd, 863361.984, 105
Trd, 863362.484, 84
Trd, 863362.684, 108
Trd, 863363.084, 109
Trd, 863363.118, 104
Trd, 863363.401, 103
Trd, 863363.784, 96
Trd, 863363.918, 107
Trd, 863364.401, 92
Trd, 863365.918, 106
Trd, 863366.084, 106
Trd, 863366.401, 93
Trd, 863366.651, 111
Trd, 863366.684, 90
Trd, 863367.751, 106
Trd, 863368.018, 105
Trd, 863368.401, 108
Trd, 863368.484, 113
Trd, 863368.668, 112
Trd, 863369.284, 104
Trd, 863369.384, 112
Trd, 863370.351, 104
Trd, 863370.951, 103
Trd, 863371.901, 104
Trd, 863372.118, 105
Trd, 863372.218, 101
Trd, 863372.301, 106
Trd, 863373.001, 112
Trd, 863373.251, 101
Trd, 863373.468, 113
Trd, 863373.984, 93
Trd, 863374.001, 92
Trd, 863374.251, 112
Trd, 863374.434, 113
Trd, 863375.484, 90
Trd, 863376.034, 84
Trd, 863376.268, 80
Trd, 863376.601, 87
Trd, 863376.818, 92
Trd, 863377.501, 106
Trd, 863377.601, 107
Trd, 863377.868, 104
Trd, 863378.034, 102
Trd, 863378.884, 104
Trd, 863378.918, 102
Trd, 863379.318, 110
Trd, 863379.618, 114
Trd, 863379.668, 101
Trd, 863380.334, 114
Trd, 863380.684, 109
Trd, 863380.918, 104
Trd, 863381.734, 111
Trd, 863382.051, 105
Trd, 863382.101, 112
Trd, 863382.284, 115
Trd, 863382.934, 104
Trd, 863383.434, 98
Trd, 863384.134, 103
Trd, 863384.684, 104
Trd, 863384.718, 102
Trd, 863385.001, 102
Trd, 863385.101, 101
Trd, 863385.168, 93
Trd, 863385.418, 103
Trd, 863385.668, 101
Trd, 863386.784, 111
Trd, 863386.984, 112
Trd, 863387.934, 102
Trd, 863388.451, 113
Trd, 863388.484, 117
Trd, 863388.851, 107
Trd, 863389.234, 101
Trd, 863389.468, 112
Trd, 863389.851, 91
Trd, 863390.084, 102
Trd, 863390.984, 114
Trd, 863391.334, 113
Trd, 863391.784, 117
Trd, 863391.851, 116
Trd, 863391.918, 111
Trd, 863392.451, 102
Trd, 863392.768, 101
Trd, 863393.201, 111
Trd, 863393.301, 112
Trd, 863393.601, 93
Trd, 863394.718, 113
Trd, 863396.001, 97
Trd, 863396.051, 106
Trd, 863396.334, 107
Trd, 863397.184, 99
Trd, 863397.201, 98
Trd, 863397.818, 97
Trd, 863397.901, 106
Trd, 863398.318, 108
Trd, 863398.551, 109
Trd, 863398.884, 115
Trd, 863398.934, 100
Trd, 863399.284, 100
Trd, 863399.318, 115
Trd, 863400.184, 99
Trd, 863400.334, 94
Trd, 863400.751, 93
Trd, 863401.384, 113
Trd, 863402.101, 112
Trd, 863402.934, 114
Trd, 863403.434, 109
Trd, 863403.668, 111
Trd, 863403.801, 104
Trd, 863403.818, 103
Trd, 863404.568, 101
Trd, 863404.601, 112
Trd, 863404.784, 98
Trd, 863405.084, 90
Trd, 863405.268, 92
Trd, 863405.384, 84
Trd, 863406.184, 86
Trd, 863406.851, 107
Trd, 863407.418, 105
Trd, 863407.534, 95
Trd, 863408.484, 108
Trd, 863408.718, 107
Trd, 863408.784, 94
Trd, 863409.134, 108
Trd, 863409.451, 96
Trd, 863409.734, 107
Trd, 863409.868, 95
Trd, 863410.551, 110
Trd, 863410.618, 98
Trd, 863411.084, 115
Trd, 863411.268, 114
Trd, 863412.751, 116
Trd, 863412.934, 105
Trd, 863413.318, 108
Trd, 863413.401, 113
Trd, 863413.518, 106
Trd, 863413.701, 114
Trd, 863413.918, 104
Trd, 863414.384, 101
Trd, 863415.301, 100
Trd, 863415.501, 97
Trd, 863415.534, 93
Trd, 863417.134, 99
Trd, 863417.218, 108
Trd, 863417.301, 97
Trd, 863417.834, 107
Trd, 863418.518, 95
Trd, 863419.184, 116
Trd, 863419.851, 97
Trd, 863420.001, 95
Trd, 863420.434, 111
Trd, 863420.484, 94
Trd, 863420.501, 93
Trd, 863420.818, 111
Trd, 863420.851, 110
Trd, 863421.101, 105
Trd, 863422.334, 101
Trd, 863422.401, 106
Trd, 863422.618, 101
Trd, 863422.668, 115
Trd, 863423.068, 106
Trd, 863423.834, 104
Trd, 863424.268, 110
Trd, 863424.534, 115
Trd, 863425.651, 104
Trd, 863425.968, 112
Trd, 863426.268, 105
Trd, 863426.868, 105
Trd, 863427.018, 106
Trd, 863427.401, 101
Trd, 863428.118, 94
Trd, 863428.618, 94
Trd, 863428.918, 95
Trd, 863429.184, 105
Trd, 863429.551, 106
Trd, 863429.901, 96
Trd, 863430.651, 104
Trd, 863430.718, 97
Trd, 863431.251, 96
Trd, 863432.301, 107
Trd, 863432.484, 109
Trd, 863432.868, 104
Trd, 863433.084, 112
Trd, 863433.251, 103
Trd, 863433.268, 106
Trd, 863433.618, 99
Trd, 863433.668, 112
Trd, 863434.101, 113
Trd, 863434.684, 115
Trd, 863434.918, 106
Trd, 863435.201, 105
Trd, 863435.368, 105
Trd, 863435.901, 107
Trd, 863437.084, 109
Trd, 863437.368, 115
Trd, 863438.084, 116
Trd, 863438.184, 105
Trd, 863438.334, 117
Trd, 863438.434, 104
Trd, 863438.901, 106
Trd, 863439.151, 101
Trd, 863439.384, 114
Trd, 863440.068, 100
Trd, 863440.268, 93
Trd, 863440.618, 115
Trd, 863440.801, 91
Trd, 863441.401, 96
Trd, 863441.451, 90
Trd, 863442.668, 112
Trd, 863443.018, 110
Trd, 863443.301, 115
Trd, 863443.768, 112
Trd, 863444.651, 105
Trd, 863444.884, 106
Trd, 863444.918, 105
Trd, 863445.634, 101
Trd, 863447.218, 98
Trd, 863447.234, 101
Trd, 863447.418, 99
Trd, 863447.518, 102
Trd, 863447.901, 108
Trd, 863448.268, 114
Trd, 863448.501, 101
Trd, 863448.718, 100
Trd, 863449.418, 110
Trd, 863449.534, 104
Trd, 863450.368, 102
Trd, 863450.768, 103
Trd, 863451.751, 98
Trd, 863452.084, 91
Trd, 863452.901, 93
Trd, 863453.418, 103
Trd, 863453.484, 106
Trd, 863454.368, 96
Trd, 863454.468, 109
Trd, 863454.984, 117
Trd, 863455.184, 117
Trd, 863455.334, 113
Trd, 863455.351, 129
Trd, 863455.418, 95
Trd, 863455.718, 94
Trd, 863456.401, 100
Trd, 863456.651, 118
Trd, 863456.984, 101
Trd, 863457.051, 100
Trd, 863457.234, 91
Trd, 863457.301, 117
Trd, 863457.484, 91
Trd, 863459.251, 96
Trd, 863459.684, 95
Trd, 863460.118, 106
Trd, 863460.251, 107
Trd, 863460.984, 87
Trd, 863461.934, 96
Trd, 863462.101, 95
Trd, 863462.134, 105
Trd, 863463.201, 96
Trd, 863463.434, 105
Trd, 863463.868, 107
Trd, 863464.084, 98
Trd, 863464.201, 111
Trd, 863465.034, 101
Trd, 863465.184, 99
Trd, 863465.251, 98
Trd, 863466.051, 95
Trd, 863466.451, 94
Trd, 863467.468, 104
Trd, 863467.501, 96
Trd, 863467.718, 104
Trd, 863467.801, 106
Trd, 863468.001, 97
Trd, 863468.168, 114
Trd, 863468.418, 115
Trd, 863468.618, 109
Trd, 863469.068, 97
Trd, 863469.634, 98
Trd, 863469.918, 94
Trd, 863470.418, 101
Trd, 863470.484, 113
Trd, 863471.234, 106
Trd, 863471.451, 110
Trd, 863471.834, 107
Trd, 863472.201, 101
Trd, 863472.834, 105
Trd, 863472.984, 106
Trd, 863473.384, 101
Trd, 863473.584, 102
Trd, 863473.851, 110
Trd, 863474.051, 114
Trd, 863474.551, 104
Trd, 863475.351, 104
Trd, 863475.668, 102
Trd, 863475.934, 95
Trd, 863476.168, 93
Trd, 863476.468, 111
Trd, 863477.018, 99
Trd, 863478.751, 96
Trd, 863478.984, 97
Trd, 863479.134, 94
Trd, 863479.168, 104
Trd, 863479.251, 94
Trd, 863479.518, 93
Trd, 863479.951, 106
Trd, 863480.451, 106
Trd, 863480.468, 107
Trd, 863480.601, 90
Trd, 863481.734, 109
Trd, 863481.884, 115
Trd, 863482.468, 109
Trd, 863483.184, 108
Trd, 863483.268, 115
Trd, 863483.634, 114
Trd, 863484.034, 101
Trd, 863485.318, 104
Trd, 863485.951, 107
Trd, 863485.984, 105
Trd, 863486.584, 110
Trd, 863486.768, 106
Trd, 863487.301, 110
Trd, 863487.784, 113
Trd, 863487.834, 105
Trd, 863487.901, 104
Trd, 863487.934, 101
Trd, 863488.351, 115
Trd, 863488.618, 118
Trd, 863488.768, 113
Trd, 863488.784, 95
Trd, 863489.484, 99
Trd, 863489.534, 94
Trd, 863489.618, 109
Trd, 863490.351, 96
Trd, 863490.451, 117
Trd, 863490.534, 90
Trd, 863490.751, 113
Trd, 863491.468, 93
Trd, 863491.668, 118
Trd, 863491.784, 121
Trd, 863491.868, 122
Trd, 863491.951, 116
Trd, 863492.251, 92
Trd, 863493.268, 109
Trd, 863494.118, 113
Trd, 863494.184, 110
Trd, 863494.534, 107
Trd, 863494.884, 114
Trd, 863495.618, 114
Trd, 863496.418, 108
Trd, 863497.034, 110
Trd, 863497.234, 116
Trd, 863497.284, 109
Trd, 863498.234, 106
Trd, 863498.501, 106
Trd, 863498.568, 105
Trd, 863498.584, 104
Trd, 863499.568, 109
Trd, 863499.734, 109
Trd, 863500.334, 110
Trd, 863500.801, 106
Trd, 863500.884, 103
Trd, 863501.284, 111
Trd, 863501.401, 112
Trd, 863501.501, 96
Trd, 863502.184, 98
Trd, 863502.418, 95
Trd, 863502.618, 109
Trd, 863502.951, 112
Trd, 863502.968, 99
Trd, 863503.584, 91
Trd, 863505.118, 108
Trd, 863505.301, 109
Trd, 863505.451, 104
Trd, 863505.718, 106
Trd, 863506.034, 107
Trd, 863506.268, 106
Trd, 863506.834, 113
Trd, 863507.518, 120
Trd, 863507.701, 120
Trd, 863507.751, 111
Trd, 863507.984, 106
Trd, 863508.001, 104
Trd, 863508.051, 101
Trd, 863508.118, 117
Trd, 863509.768, 86
Trd, 863510.934, 97
Trd, 863511.468, 98
Trd, 863511.668, 97
Trd, 863511.751, 101
Trd, 863512.118, 102
Trd, 863512.584, 99
Trd, 863512.601, 106
Trd, 863512.718, 116
Trd, 863512.968, 101
Trd, 863513.001, 99
Trd, 863513.018, 98
Trd, 863513.801, 91
Trd, 863514.284, 102
Trd, 863515.584, 91
Trd, 863516.268, 99
Trd, 863516.401, 115
Trd, 863517.118, 98
Trd, 863517.801, 99
Trd, 863517.951, 100
Trd, 863518.418, 109
Trd, 863518.768, 99
Trd, 863518.801, 110
Trd, 863518.868, 112
Trd, 863519.351, 97
Trd, 863519.434, 93
Trd, 863519.818, 89
Trd, 863520.184, 108
Trd, 863520.334, 104
Trd, 863520.468, 107
Trd, 863521.551, 112
Trd, 863522.401, 110
Trd, 863522.534, 113
Trd, 863523.068, 106
Trd, 863523.084, 106
Trd, 863523.301, 107
Trd, 863523.334, 105
Trd, 863523.351, 115
Trd, 863523.384, 101
Trd, 863524.301, 111
Trd, 863524.734, 91
Trd, 863524.818, 112
Trd, 863525.151, 93
Trd, 863525.684, 105
Trd, 863526.501, 94
Trd, 863527.118, 93
Trd, 863528.034, 94
Trd, 863528.068, 88
Trd, 863528.118, 95
Trd, 863528.201, 102
Trd, 863528.501, 112
Trd, 863528.851, 110
Trd, 863529.001, 106
Trd, 863529.451, 106
Trd, 863529.668, 105
Trd, 863530.201, 115
Trd, 863530.218, 109
Trd, 863530.551, 105
Trd, 863530.568, 104
Trd, 863530.984, 108
Trd, 863531.151, 109
Trd, 863531.834, 107
Trd, 863532.818, 114
Trd, 863532.884, 102
Trd, 863533.034, 115
Trd, 863533.851, 103
Trd, 863534.368, 103
Trd, 863534.534, 104
Trd, 863534.851, 109
Trd, 863535.668, 110
Trd, 863535.901, 115
Trd, 863536.251, 102
Trd, 863536.284, 101
Trd, 863536.468, 102
Trd, 863536.901, 114
Trd, 863537.051, 91
Trd, 863537.518, 112
Trd, 863538.451, 100
Trd, 863538.501, 112
Trd, 863539.451, 96
Trd, 863539.668, 96
Trd, 863539.951, 106
Trd, 863541.734, 113
Trd, 863541.801, 104
Trd, 863542.084, 112
Trd, 863542.501, 105
Trd, 863542.768, 106
Trd, 863542.901, 106
Trd, 863543.401, 104
Trd, 863543.418, 116
Trd, 863543.734, 115
Trd, 863544.434, 101
Trd, 863544.768, 94
Trd, 863544.918, 93
Trd, 863545.768, 99
Trd, 863546.034, 98
Trd, 863546.268, 98
Trd, 863546.368, 96
Trd, 863546.418, 99
Trd, 863546.651, 90
Trd, 863546.751, 86
Trd, 863547.201, 115
Trd, 863548.668, 115
Trd, 863548.884, 102
Trd, 863549.251, 101
Trd, 863549.601, 117
Trd, 863550.118, 99
Trd, 863550.551, 100
Trd, 863550.901, 99
Trd, 863551.484, 93
Trd, 863551.751, 106
Trd, 863552.051, 107
Trd, 863552.518, 98
Trd, 863552.534, 112
Trd, 863553.818, 98
Trd, 863554.001, 98
Trd, 863554.118, 98
Trd, 863554.251, 96
Trd, 863554.334, 107
Trd, 863554.351, 108
Trd, 863555.584, 105
Trd, 863555.701, 113
Trd, 863555.751, 114
Trd, 863555.851, 104
Trd, 863556.151, 104
Trd, 863556.901, 101
Trd, 863557.384, 104
Trd, 863558.368, 94
Trd, 863558.818, 91
Trd, 863559.201, 109
Trd, 863559.234, 109
Trd, 863559.434, 114
Trd, 863559.834, 93
Trd, 863559.901, 109
Trd, 863561.001, 99
Trd, 863561.118, 98
Trd, 863561.584, 114
Trd, 863562.368, 115
Trd, 863562.434, 109
Trd, 863562.518, 95
Trd, 863562.801, 115
Trd, 863563.118, 93
Trd, 863564.434, 102
Trd, 863564.701, 103
Trd, 863565.034, 110
Trd, 863565.101, 104
Trd, 863565.568, 110
Trd, 863565.601, 103
Trd, 863565.884, 111
Trd, 863566.368, 111
Trd, 863566.534, 111
Trd, 863566.951, 103
Trd, 863567.184, 112
Trd, 863567.351, 106
Trd, 863567.751, 101
Trd, 863568.368, 106
Trd, 863569.051, 111
Trd, 863569.201, 100
Trd, 863569.901, 107
Trd, 863570.368, 116
Trd, 863571.068, 103
Trd, 863571.384, 112
Trd, 863571.618, 103
Trd, 863572.251, 103
Trd, 863572.318, 101
Trd, 863572.418, 103
Trd, 863572.734, 112
Trd, 863573.201, 103
Trd, 863573.251, 108
Trd, 863573.968, 98
Trd, 863574.684, 97
Trd, 863575.301, 107
Trd, 863575.901, 95
Trd, 863576.484, 95
Trd, 863577.051, 96
Trd, 863577.668, 97
Trd, 863577.918, 98
Trd, 863578.434, 97
Trd, 863578.668, 96
Trd, 863578.884, 93
Trd, 863579.051, 105
Trd, 863579.151, 94
Trd, 863579.218, 111
Trd, 863579.351, 107
Trd, 863579.518, 93
Trd, 863579.601, 90
Trd, 863579.901, 113
Trd, 863580.451, 113
Trd, 863580.734, 94
Trd, 863581.351, 91
Trd, 863581.401, 107
Trd, 863581.501, 90
Trd, 863583.418, 103
Trd, 863583.968, 109
Trd, 863584.351, 110
Trd, 863584.384, 103
Trd, 863585.401, 105
Trd, 863585.668, 105
Trd, 863585.684, 112
Trd, 863585.868, 106
Trd, 863585.918, 117
Trd, 863586.868, 105
Trd, 863587.368, 117
Trd, 863587.818, 102
Trd, 863588.184, 101
Trd, 863588.201, 114
Trd, 863588.518, 117
Trd, 863588.534, 120
Trd, 863589.084, 109
Trd, 863589.151, 97
Trd, 863590.451, 109
Trd, 863590.951, 112
Trd, 863590.984, 96
Trd, 863591.401, 95
Trd, 863591.784, 110
Trd, 863591.818, 111
Trd, 863592.818, 97
Trd, 863592.984, 98
Trd, 863593.151, 113
Trd, 863593.634, 97
Trd, 863594.051, 100
Trd, 863594.651, 103
Trd, 863594.884, 104
Trd, 863595.084, 100
Trd, 863595.951, 105
Trd, 863595.968, 106
Trd, 863596.584, 113
Trd, 863596.634, 103
Trd, 863597.634, 100
Trd, 863598.234, 106
Trd, 863598.434, 106
Trd, 863598.734, 113
Trd, 863598.918, 107
Trd, 863599.218, 106
Trd, 863599.234, 100
Trd, 863599.384, 112
Trd, 863599.518, 111
Trd, 863600.151, 110
Trd, 863600.601, 112
Trd, 863600.618, 114
Trd, 863602.001, 109
Trd, 863602.868, 105
Trd, 863603.468, 104
Trd, 863604.218, 106
Trd, 863604.351, 95
Trd, 863604.601, 105
Trd, 863604.701, 93
Trd, 863605.101, 92
Trd, 863605.384, 109
Trd, 863605.418, 103
Trd, 863605.918, 110
Trd, 863606.218, 113
Trd, 863607.284, 104
Trd, 863607.301, 110
Trd, 863607.451, 115
Trd, 863607.618, 94
Trd, 863608.218, 94
Trd, 863609.084, 111
Trd, 863609.184, 111
Trd, 863609.234, 110
Trd, 863610.434, 107
Trd, 863611.001, 108
Trd, 863611.068, 102
Trd, 863611.518, 110
Trd, 863611.884, 100
Trd, 863611.934, 120
Trd, 863612.701, 103
Trd, 863612.868, 111
Trd, 863613.184, 108
Trd, 863613.834, 107
Trd, 863613.968, 103
Trd, 863614.334, 102
Trd, 863615.284, 116
Trd, 863615.584, 115
Trd, 863616.301, 107
Trd, 863616.384, 114
Trd, 863616.768, 118
Trd, 863617.118, 106
Trd, 863617.368, 104
Trd, 863617.418, 101
Trd, 863617.468, 93
Trd, 863617.768, 109
Trd, 863618.718, 115
Trd, 863619.384, 106
Trd, 863619.651, 104
Trd, 863620.234, 99
Trd, 863620.868, 95
Trd, 863621.251, 98
Trd, 863621.334, 93
Trd, 863621.934, 92
Trd, 863622.134, 91
Trd, 863622.668, 100
Trd, 863622.718, 93
Trd, 863623.568, 95
Trd, 863623.734, 106
Trd, 863623.851, 108
Trd, 863624.301, 109
Trd, 863624.351, 95
Trd, 863624.751, 79
Trd, 863625.551, 112
Trd, 863625.584, 114
Trd, 863625.884, 120
Trd, 863626.434, 94
Trd, 863626.618, 90
Trd, 863627.234, 108
Trd, 863627.534, 122
Trd, 863627.551, 122
Trd, 863628.068, 123
Trd, 863628.451, 124
Trd, 863628.734, 120
Trd, 863629.251, 115
Trd, 863629.484, 106
Trd, 863630.168, 107
Trd, 863630.301, 116
Trd, 863630.884, 105
Trd, 863630.968, 104
Trd, 863631.101, 101
Trd, 863631.184, 93
Trd, 863632.068, 108
Trd, 863632.168, 115
Trd, 863633.184, 110
Trd, 863633.234, 116
Trd, 863633.818, 97
Trd, 863634.668, 96
Trd, 863634.734, 102
Trd, 863634.884, 103
Trd, 863635.301, 110
Trd, 863635.334, 115
Trd, 863636.634, 105
Trd, 863636.651, 104
Trd, 863637.818, 104
Trd, 863638.418, 106
Trd, 863638.634, 107
Trd, 863639.018, 108
Trd, 863639.218, 104
Trd, 863639.384, 90
Trd, 863640.084, 90
Trd, 863640.201, 106
Trd, 863640.334, 114
Trd, 863640.518, 89
Trd, 863641.034, 115
Trd, 863641.634, 114
Trd, 863642.218, 98
Trd, 863642.418, 98
Trd, 863642.634, 114
Trd, 863642.951, 117
Trd, 863643.434, 102
Trd, 863643.968, 104
Trd, 863644.018, 108
Trd, 863644.218, 102
Trd, 863644.234, 116
Trd, 863644.851, 104
Trd, 863644.884, 101
Trd, 863645.218, 93
Trd, 863645.268, 107
Trd, 863645.384, 90
Trd, 863645.734, 111
Trd, 863646.418, 106
Trd, 863647.701, 107
Trd, 863648.118, 103
Trd, 863648.151, 109
Trd, 863648.184, 102
Trd, 863649.001, 106
Trd, 863649.051, 106
Trd, 863649.068, 104
Trd, 863649.501, 102
Trd, 863649.784, 117
Trd, 863649.801, 101
Trd, 863650.084, 116
Trd, 863650.234, 100
Trd, 863650.551, 90
Trd, 863651.751, 108
Trd, 863652.118, 108
Trd, 863652.218, 98
Trd, 863652.618, 95
Trd, 863652.801, 109
Trd, 863653.168, 110
Trd, 863653.501, 109
Trd, 863654.018, 116
Trd, 863654.434, 106
Trd, 863654.584, 106
Trd, 863655.001, 112
Trd, 863655.368, 106
Trd, 863655.934, 107
Trd, 863656.568, 105
Trd, 863656.968, 104
Trd, 863657.068, 105
Trd, 863657.368, 93
Trd, 863657.551, 107
Trd, 863658.034, 91
Trd, 863658.251, 110
Trd, 863659.034, 90
Trd, 863659.368, 87
Trd, 863659.651, 86
Trd, 863660.468, 86
Trd, 863660.501, 90
Trd, 863660.768, 95
Trd, 863661.118, 95
Trd, 863661.668, 91
Trd, 863662.234, 97
Trd, 863663.251, 98
Trd, 863663.268, 103
Trd, 863664.118, 105
Trd, 863664.218, 97
Trd, 863664.268, 108
Trd, 863664.384, 112
Trd, 863665.018, 101
Trd, 863665.418, 113
Trd, 863665.668, 113
Trd, 863665.934, 112
Trd, 863666.401, 112
Trd, 863666.434, 111
Trd, 863666.501, 109
Trd, 863667.451, 110
Trd, 863667.534, 111
Trd, 863668.151, 100
Trd, 863670.134, 104
Trd, 863670.184, 106
Trd, 863670.951, 111
Trd, 863671.418, 94
Trd, 863671.851, 110
Trd, 863671.918, 101
Trd, 863671.951, 90
Trd, 863672.001, 113
Trd, 863673.184, 102
Trd, 863673.751, 107
Trd, 863673.951, 108
Trd, 863674.401, 103
Trd, 863674.518, 102
Trd, 863674.651, 101
Trd, 863674.851, 107
Trd, 863675.151, 100
Trd, 863675.584, 98
Trd, 863675.634, 94
Trd, 863675.851, 93
Trd, 863677.034, 99
Trd, 863677.434, 117
Trd, 863677.584, 119
Trd, 863677.984, 124
Trd, 863678.251, 108
Trd, 863678.484, 107
Trd, 863678.701, 107
Trd, 863678.868, 106
Trd, 863678.901, 121
Trd, 863679.368, 108
Trd, 863680.584, 92
Trd, 863681.051, 108
Trd, 863681.301, 95
Trd, 863681.884, 104
Trd, 863682.468, 105
Trd, 863682.551, 107
Trd, 863682.568, 100
Trd, 863682.851, 99
Trd, 863682.918, 110
Trd, 863683.334, 97
Trd, 863683.601, 111
Trd, 863683.984, 116
Trd, 863685.368, 111
Trd, 863685.584, 105
Trd, 863686.368, 105
Trd, 863686.834, 105
Trd, 863687.468, 104
Trd, 863687.868, 102
Trd, 863689.101, 104
Trd, 863689.118, 108
Trd, 863689.518, 110
Trd, 863689.568, 112
Trd, 863689.618, 114
Trd, 863690.234, 106
Trd, 863690.334, 102
Trd, 863690.434, 101
Trd, 863691.201, 115
Trd, 863691.368, 97
Trd, 863691.518, 116
Trd, 863692.068, 95
Trd, 863693.251, 93
Trd, 863693.334, 118
Trd, 863693.434, 118
Trd, 863693.801, 92
Trd, 863694.551, 95
Trd, 863694.718, 91
Trd, 863694.818, 97
Trd, 863695.234, 113
Trd, 863695.868, 113
Trd, 863695.951, 114
Trd, 863697.234, 105
Trd, 863697.401, 92
Trd, 863697.634, 91
Trd, 863697.851, 90
Trd, 863698.684, 107
Trd, 863699.218, 98
Trd, 863699.634, 111
Trd, 863699.751, 98
Trd, 863700.268, 114
Trd, 863700.834, 103
Trd, 863701.768, 112
Trd, 863702.351, 106
Trd, 863702.434, 114
Trd, 863702.484, 105
Trd, 863702.868, 115
Trd, 863702.918, 115
Trd, 863703.068, 105
Trd, 863703.201, 104
Trd, 863703.668, 101
Trd, 863703.751, 93
Trd, 863704.101, 119
Trd, 863704.351, 97
Trd, 863704.418, 90
Trd, 863704.634, 117
Trd, 863705.118, 85
Trd, 863706.101, 106
Trd, 863706.218, 107
Trd, 863706.234, 104
Trd, 863706.734, 108
Trd, 863707.801, 106
Trd, 863708.001, 103
Trd, 863708.018, 107
Trd, 863708.218, 101
Trd, 863708.951, 104
Trd, 863709.518, 111
Trd, 863710.234, 94
Trd, 863710.484, 109
Trd, 863710.568, 93
Trd, 863711.818, 100
Trd, 863711.868, 99
Trd, 863712.051, 107
Trd, 863713.434, 98
Trd, 863713.601, 109
Trd, 863713.668, 112
Trd, 863713.751, 115
Trd, 863713.818, 93
Trd, 863714.834, 111
Trd, 863715.034, 111
Trd, 863716.668, 111
Trd, 863717.301, 113
Trd, 863717.401, 112
Trd, 863717.668, 106
Trd, 863718.068, 106
Trd, 863718.584, 106
Trd, 863718.601, 113
Trd, 863719.018, 117
Trd, 863719.051, 119
Trd, 863719.534, 108
Trd, 863720.018, 109
Trd, 863720.284, 106
Trd, 863720.518, 105
Trd, 863720.734, 107
Trd, 863721.134, 111
Trd, 863721.151, 104
Trd, 863722.318, 112
Trd, 863722.618, 101
Trd, 863723.268, 112
Trd, 863723.401, 120
Trd, 863723.634, 120
Trd, 863724.334, 108
Trd, 863724.484, 102
Trd, 863725.851, 118
Trd, 863725.951, 108
Trd, 863726.918, 110
Trd, 863727.101, 110
Trd, 863727.284, 109
Trd, 863727.601, 108
Trd, 863727.834, 113
Trd, 863728.018, 104
Trd, 863728.901, 106
Trd, 863728.918, 101
Trd, 863729.134, 93
Trd, 863729.434, 85
Trd, 863729.451, 111
Trd, 863729.568, 112
Trd, 863730.001, 90
Trd, 863730.168, 117
Trd, 863730.234, 119
Trd, 863730.551, 122
Trd, 863731.384, 109
Trd, 863731.968, 109
Trd, 863732.051, 97
Trd, 863732.834, 105
Trd, 863733.001, 97
Trd, 863733.201, 98
Trd, 863733.301, 90
Trd, 863733.468, 112
Trd, 863733.951, 87
Trd, 863734.251, 89
Trd, 863734.784, 98
Trd, 863734.951, 115
Trd, 863735.568, 113
Trd, 863735.701, 94
Trd, 863736.468, 94
Trd, 863736.584, 111
Trd, 863736.684, 94
Trd, 863737.818, 110
Trd, 863737.851, 96
Trd, 863738.384, 111
Trd, 863739.251, 106
Trd, 863739.451, 109
Trd, 863739.468, 96
Trd, 863739.784, 96
Trd, 863740.818, 100
Trd, 863741.401, 108
Trd, 863741.834, 107
Trd, 863742.168, 108
Trd, 863742.201, 110
Trd, 863743.201, 104
Trd, 863743.284, 105
Trd, 863743.484, 101
Trd, 863743.501, 100
Trd, 863744.118, 105
Trd, 863744.718, 114
Trd, 863745.268, 116
Trd, 863745.318, 112
Trd, 863745.601, 104
Trd, 863745.668, 95
Trd, 863746.251, 111
Trd, 863747.118, 109
Trd, 863747.201, 99
Trd, 863747.301, 97
Trd, 863747.734, 112
Trd, 863748.518, 103
Trd, 863748.601, 106
Trd, 863749.351, 105
Trd, 863749.901, 106
Trd, 863749.918, 105
Trd, 863750.384, 103
Trd, 863750.451, 107
Trd, 863750.984, 103
Trd, 863751.151, 102
Trd, 863751.468, 101
Trd, 863752.418, 90
Trd, 863752.684, 110
Trd, 863753.368, 116
Trd, 863753.451, 98
Trd, 863753.618, 115
Trd, 863753.851, 119
Trd, 863753.984, 98
Trd, 863754.018, 99
Trd, 863754.818, 99
Trd, 863755.284, 94
Trd, 863755.301, 107
Trd, 863755.968, 95
Trd, 863756.284, 113
Trd, 863756.368, 112
Trd, 863756.551, 97
Trd, 863756.651, 102
Trd, 863757.134, 100
Trd, 863757.668, 97
Trd, 863758.801, 102
Trd, 863759.151, 99
Trd, 863759.734, 99
Trd, 863759.868, 101
Trd, 863760.318, 102
Trd, 863760.618, 106
Trd, 863760.968, 106
Trd, 863761.584, 107
Trd, 863761.651, 106
Trd, 863762.318, 105
Trd, 863762.684, 106
Trd, 863762.884, 112
Trd, 863763.734, 109
Trd, 863763.884, 115
Trd, 863764.051, 106
Trd, 863764.084, 105
Trd, 863764.351, 104
Trd, 863764.968, 94
Trd, 863765.018, 107
Trd, 863765.801, 96
Trd, 863766.618, 108
Trd, 863767.051, 107
Trd, 863767.451, 99
Trd, 863767.518, 97
Trd, 863767.618, 116
Trd, 863767.818, 117
Trd, 863767.918, 114
Trd, 863767.951, 118
Trd, 863769.734, 101
Trd, 863769.784, 100
Trd, 863770.484, 105
Trd, 863770.718, 102
Trd, 863770.768, 106
Trd, 863771.051, 107
Trd, 863772.268, 94
Trd, 863773.001, 108
Trd, 863773.068, 96
Trd, 863773.901, 107
Trd, 863773.934, 113
Trd, 863774.334, 99
Trd, 863774.868, 106
Trd, 863774.984, 108
Trd, 863775.184, 115
Trd, 863775.368, 97
Trd, 863775.551, 113
Trd, 863776.351, 104
Trd, 863776.501, 103
Trd, 863776.968, 116
Trd, 863777.651, 117
Trd, 863778.118, 109
Trd, 863778.301, 104
Trd, 863778.334, 99
Trd, 863778.734, 94
Trd, 863779.601, 110
Trd, 863781.201, 100
Trd, 863781.234, 102
Trd, 863781.368, 96
Trd, 863781.618, 113
Trd, 863781.651, 114
Trd, 863781.801, 106
Trd, 863782.668, 112
Trd, 863783.451, 106
Trd, 863783.834, 111
Trd, 863784.251, 108
Trd, 863784.568, 107
Trd, 863784.651, 104
Trd, 863785.118, 106
Trd, 863785.351, 101
Trd, 863785.601, 100
Trd, 863785.968, 107
Trd, 863786.334, 108
Trd, 863786.551, 84
Trd, 863786.684, 121
Trd, 863787.234, 87
Trd, 863788.051, 98
Trd, 863788.351, 96
Trd, 863788.868, 94
Trd, 863788.984, 97
Trd, 863789.101, 93
Trd, 863789.151, 105
Trd, 863789.184, 93
Trd, 863789.284, 91
Trd, 863789.601, 91
Trd, 863790.368, 110
Trd, 863790.418, 112
Trd, 863790.601, 113
Trd, 863790.851, 114
Trd, 863791.434, 93
Trd, 863791.468, 92
Trd, 863791.884, 91
Trd, 863793.418, 100
Trd, 863793.468, 93
Trd, 863793.518, 101
Trd, 863794.251, 92
Trd, 863794.968, 94
Trd, 863795.101, 95
Trd, 863795.801, 94
Trd, 863796.001, 93
Trd, 863796.268, 95
Trd, 863796.718, 93
Trd, 863797.051, 92
Trd, 863797.068, 94
Trd, 863797.201, 105
Trd, 863797.384, 112
Trd, 863797.951, 90
Trd, 863798.401, 106
Trd, 863798.851, 117
Trd, 863799.251, 95
Trd, 863799.918, 103
Trd, 863800.634, 110
Trd, 863800.734, 96
Trd, 863800.901, 120
Trd, 863802.034, 107
Trd, 863802.251, 115
Trd, 863802.684, 108
Trd, 863802.934, 106
Trd, 863802.984, 95
Trd, 863804.301, 99
Trd, 863804.684, 107
Trd, 863805.334, 110
Trd, 863805.351, 112
Trd, 863805.551, 103
Trd, 863805.618, 101
Trd, 863805.801, 93
Trd, 863805.968, 90
Trd, 863806.001, 112
Trd, 863806.818, 117
Trd, 863806.934, 108
Trd, 863806.951, 93
Trd, 863807.084, 118
Trd, 863808.251, 91
Trd, 863808.384, 91
Trd, 863808.401, 106
Trd, 863809.468, 100
Trd, 863809.551, 99
Trd, 863810.501, 106
Trd, 863810.801, 97
Trd, 863810.901, 96
Trd, 863810.934, 106
Trd, 863811.284, 107
Trd, 863811.934, 103
Trd, 863812.034, 105
Trd, 863812.068, 95
Trd, 863812.134, 90
Trd, 863813.351, 90
Trd, 863814.334, 101
Trd, 863814.718, 109
Trd, 863815.101, 99
Trd, 863815.468, 104
Trd, 863815.634, 116
Trd, 863815.934, 101
Trd, 863816.051, 114
Trd, 863817.134, 101
Trd, 863817.151, 115
Trd, 863817.318, 100
Trd, 863817.768, 100
Trd, 863817.851, 94
Trd, 863817.868, 93
Trd, 863819.001, 94
Trd, 863819.334, 93
Trd, 863819.468, 106
Trd, 863820.018, 103
Trd, 863820.084, 102
Trd, 863820.868, 109
Trd, 863821.118, 111
Trd, 863821.268, 114
Trd, 863821.618, 109
Trd, 863821.968, 102
Trd, 863821.984, 101
Trd, 863822.184, 110
Trd, 863822.568, 115
Trd, 863823.168, 104
Trd, 863825.068, 102
Trd, 863825.934, 109
Trd, 863826.468, 102
Trd, 863826.718, 107
Trd, 863826.934, 93
Trd, 863827.651, 90
Trd, 863828.418, 88
Trd, 863828.951, 90
Trd, 863829.218, 92
Trd, 863829.234, 106
Trd, 863830.401, 94
Trd, 863830.418, 103
Trd, 863830.568, 104
Trd, 863830.618, 105
Trd, 863830.701, 106
Trd, 863831.368, 107
Trd, 863831.434, 98
Trd, 863831.751, 108
Trd, 863831.834, 97
Trd, 863831.934, 109
Trd, 863832.001, 96
Trd, 863832.901, 115
Trd, 863832.968, 116
Trd, 863833.751, 99
Trd, 863834.118, 100
Trd, 863834.168, 99
Trd, 863834.834, 97
Trd, 863835.001, 93
Trd, 863835.101, 106
Trd, 863836.884, 108
Trd, 863837.118, 109
Trd, 863837.284, 103
Trd, 863837.834, 113
Trd, 863837.951, 110
Trd, 863838.151, 109
Trd, 863838.434, 102
Trd, 863838.834, 92
Trd, 863839.118, 90
Trd, 863839.884, 92
Trd, 863840.218, 91
Trd, 863840.534, 92
Trd, 863840.568, 91
Trd, 863840.701, 103
Trd, 863841.401, 91
Trd, 863841.834, 97
Trd, 863841.918, 98
Trd, 863841.951, 106
Trd, 863842.784, 110
Trd, 863843.051, 97
Trd, 863843.684, 97
Trd, 863843.918, 112
Trd, 863845.701, 105
Trd, 863846.168, 113
Trd, 863846.218, 102
Trd, 863846.434, 101
Trd, 863846.668, 112
Trd, 863846.701, 115
Trd, 863846.884, 100
Trd, 863847.218, 93
Trd, 863848.301, 95
Trd, 863848.551, 94
Trd, 863849.734, 97
Trd, 863849.968, 92
Trd, 863850.018, 98
Trd, 863850.351, 93
Trd, 863850.501, 105
Trd, 863850.584, 107
Trd, 863851.068, 108
Trd, 863851.701, 107
Trd, 863852.468, 97
Trd, 863852.618, 96
Trd, 863852.934, 108
Trd, 863853.468, 96
Trd, 863853.784, 97
Trd, 863854.151, 110
Trd, 863855.834, 104
Trd, 863856.151, 103
Trd, 863857.401, 104
Trd, 863857.601, 105
Trd, 863857.901, 102
Trd, 863857.951, 101
Trd, 863857.984, 109
Trd, 863858.268, 106
Trd, 863858.334, 100
Trd, 863858.551, 99
Trd, 863858.868, 115
Trd, 863858.968, 116
Trd, 863859.984, 115
Trd, 863860.201, 116
Trd, 863860.468, 97
Trd, 863860.518, 117
Trd, 863860.834, 95
Trd, 863861.568, 93
Trd, 863862.101, 91
Trd, 863862.268, 90
Trd, 863863.084, 112
Trd, 863863.118, 85
Trd, 863863.334, 118
Trd, 863863.434, 116
Trd, 863863.818, 85
Trd, 863864.068, 116
Trd, 863864.101, 115
Trd, 863864.301, 85
Trd, 863864.534, 85
Trd, 863864.968, 90
Trd, 863865.084, 98
Trd, 863865.201, 84
Trd, 863865.434, 104
Trd, 863865.584, 104
Trd, 863866.218, 93
Trd, 863866.401, 92
Trd, 863866.734, 107
Trd, 863868.018, 97
Trd, 863868.818, 105
Trd, 863869.018, 109
Trd, 863869.251, 98
Trd, 863869.418, 111
Trd, 863869.468, 96
Trd, 863870.384, 111
Trd, 863870.884, 101
Trd, 863870.918, 112
Trd, 863871.601, 106
Trd, 863871.718, 113
Trd, 863871.984, 107
Trd, 863872.484, 105
Trd, 863872.551, 93
Trd, 863872.868, 93
Trd, 863872.934, 90
Trd, 863873.401, 108
Trd, 863874.018, 86
Trd, 863874.968, 99
Trd, 863875.068, 106
Trd, 863875.151, 98
Trd, 863876.201, 103
Trd, 863876.551, 104
Trd, 863876.684, 107
Trd, 863876.918, 112
Trd, 863877.601, 114
Trd, 863877.884, 110
Trd, 863878.101, 104
Trd, 863878.118, 117
Trd, 863878.501, 104
Trd, 863879.818, 108
Trd, 863880.034, 109
Trd, 863880.434, 107
Trd, 863881.418, 101
Trd, 863882.118, 93
Trd, 863882.218, 109
Trd, 863884.451, 105
Trd, 863884.468, 106
Trd, 863884.601, 104
Trd, 863885.084, 108
Trd, 863885.184, 106
Trd, 863885.268, 109
Trd, 863885.468, 113
Trd, 863885.601, 115
Trd, 863885.651, 104
Trd, 863885.668, 100
Trd, 863885.851, 93
Trd, 863886.851, 94
Trd, 863886.918, 111
Trd, 863887.001, 90
Trd, 863887.084, 110
Trd, 863887.834, 113
Trd, 863888.268, 88
Trd, 863888.318, 87
Trd, 863888.384, 104
Trd, 863889.084, 108
Trd, 863889.484, 114
Trd, 863890.501, 109
Trd, 863890.551, 110
Trd, 863891.501, 110
Trd, 863891.518, 113
Trd, 863891.568, 103
Trd, 863891.634, 117
Trd, 863891.984, 117
Trd, 863892.751, 103
Trd, 863892.901, 115
Trd, 863893.118, 103
Trd, 863893.434, 106
Trd, 863894.151, 102
Trd, 863894.634, 102
Trd, 863894.734, 102
Trd, 863895.134, 101
Trd, 863895.318, 114
Trd, 863895.434, 95
Trd, 863895.784, 93
Trd, 863896.168, 118
Trd, 863896.284, 120
Trd, 863896.818, 110
Trd, 863896.984, 90
Trd, 863897.418, 113
Trd, 863898.001, 89
Trd, 863898.434, 98
Trd, 863899.234, 100
Trd, 863899.968, 102
Trd, 863900.001, 101
Trd, 863900.501, 100
Trd, 863900.618, 105
Trd, 863900.868, 107
Trd, 863901.484, 90
Trd, 863901.718, 103
Trd, 863901.784, 89
Trd, 863902.118, 113
Trd, 863902.168, 89
Trd, 863903.118, 114
Trd, 863903.601, 89
Trd, 863903.801, 89
Trd, 863904.234, 89
Trd, 863904.268, 91
Trd, 863904.751, 94
Trd, 863907.168, 112
Trd, 863907.384, 115
Trd, 863907.651, 100
Trd, 863908.234, 104
Trd, 863908.668, 102
Trd, 863909.034, 105
Trd, 863909.501, 102
Trd, 863909.734, 104
Trd, 863910.418, 104
Trd, 863910.518, 102
Trd, 863910.851, 101
Trd, 863911.034, 104
Trd, 863911.068, 105
Trd, 863911.234, 109
Trd, 863911.318, 109
Trd, 863912.351, 93
Trd, 863912.834, 91
Trd, 863913.134, 94
Trd, 863913.384, 102
Trd, 863913.584, 86
Trd, 863913.884, 96
Trd, 863913.934, 85
Trd, 863914.184, 107
Trd, 863914.668, 93
Trd, 863917.101, 94
Trd, 863917.234, 95
Trd, 863917.584, 93
Trd, 863917.634, 92
Trd, 863917.751, 98
Trd, 863917.801, 98
Trd, 863918.301, 111
Trd, 863918.434, 106
Trd, 863918.651, 112
Trd, 863919.351, 114
Trd, 863919.651, 114
Trd, 863920.218, 98
Trd, 863920.551, 96
Trd, 863920.668, 96
Trd, 863920.684, 95
Trd, 863921.084, 91
Trd, 863921.751, 115
Trd, 863922.218, 106
Trd, 863922.268, 104
Trd, 863922.634, 101
Trd, 863923.884, 103
Trd, 863924.668, 92
Trd, 863924.868, 91
Trd, 863925.184, 105
Trd, 863925.318, 106
Trd, 863925.668, 84
Trd, 863925.984, 110
Trd, 863926.118, 106
Trd, 863927.234, 112
Trd, 863927.318, 112
Trd, 863927.584, 115
Trd, 863927.901, 115
Trd, 863927.951, 115
Trd, 863928.201, 114
Trd, 863928.268, 106
Trd, 863928.351, 105
Trd, 863928.468, 115
Trd, 863929.284, 117
Trd, 863930.168, 115
Trd, 863930.568, 105
Trd, 863930.818, 104
Trd, 863931.318, 105
Trd, 863931.618, 103
Trd, 863933.218, 103
Trd, 863933.334, 102
Trd, 863933.668, 101
Trd, 863933.768, 93
Trd, 863933.901, 106
Trd, 863934.251, 91
Trd, 863934.434, 106
Trd, 863935.151, 102
Trd, 863935.351, 103
Trd, 863935.834, 110
Trd, 863936.284, 110
Trd, 863936.751, 108
Trd, 863936.884, 111
Trd, 863936.951, 107
Trd, 863937.351, 101
Trd, 863937.968, 114
Trd, 863938.284, 96
Trd, 863939.018, 99
Trd, 863939.118, 98
Trd, 863939.218, 110
Trd, 863939.534, 93
Trd, 863940.484, 109
Trd, 863940.918, 107
Trd, 863941.568, 112
Trd, 863942.001, 99
Trd, 863942.018, 118
Trd, 863942.051, 115
Trd, 863942.168, 94
Trd, 863942.418, 120
Trd, 863943.051, 95
Trd, 863943.101, 95
Trd, 863944.401, 102
Trd, 863944.484, 98
Trd, 863945.618, 102
Trd, 863945.768, 102
Trd, 863945.884, 103
Trd, 863946.018, 99
Trd, 863946.234, 111
Trd, 863946.784, 113
Trd, 863947.084, 107
Trd, 863948.184, 107
Trd, 863948.468, 106
Trd, 863948.768, 106
Trd, 863948.818, 104
Trd, 863949.668, 111
Trd, 863950.601, 107
Trd, 863950.651, 107
Trd, 863950.684, 114
Trd, 863951.368, 105
Trd, 863951.884, 99
Trd, 863951.968, 99
Trd, 863952.084, 98
Trd, 863952.284, 93
Trd, 863952.701, 93
Trd, 863953.334, 111
Trd, 863953.984, 111
Trd, 863954.134, 104
Trd, 863954.501, 115
Trd, 863954.751, 117
Trd, 863954.818, 120
Trd, 863954.918, 105
Trd, 863954.951, 96
Trd, 863955.401, 93
Trd, 863955.784, 92
Trd, 863956.851, 109
Trd, 863957.884, 106
Trd, 863958.068, 111
Trd, 863958.184, 102
Trd, 863958.851, 95
Trd, 863958.934, 110
Trd, 863958.951, 94
Trd, 863959.468, 94
Trd, 863959.968, 105
Trd, 863960.418, 107
Trd, 863960.851, 110
Trd, 863961.301, 101
Trd, 863961.734, 106
Trd, 863961.934, 111
Trd, 863962.851, 109
Trd, 863963.051, 111
Trd, 863963.284, 108
Trd, 863963.618, 113
Trd, 863964.351, 108
Trd, 863964.451, 106
Trd, 863964.468, 109
Trd, 863964.934, 113
Trd, 863965.918, 104
Trd, 863966.884, 118
Trd, 863967.151, 116
Trd, 863967.501, 115
Trd, 863967.751, 117
Trd, 863967.834, 110
Trd, 863967.984, 101
Trd, 863968.284, 99
Trd, 863969.251, 95
Trd, 863970.318, 101
Trd, 863970.734, 102
Trd, 863971.201, 104
Trd, 863971.218, 106
Trd, 863971.351, 103
Trd, 863971.868, 102
Trd, 863972.668, 101
Trd, 863972.884, 112
Trd, 863973.001, 93
Trd, 863973.201, 107
Trd, 863973.501, 115
Trd, 863973.918, 112
Trd, 863974.251, 93
Trd, 863974.634, 92
Trd, 863974.884, 92
Trd, 863975.301, 108
Trd, 863976.501, 107
Trd, 863977.118, 111
Trd, 863977.318, 107
Trd, 863977.651, 109
Trd, 863978.618, 108
Trd, 863979.084, 107
Trd, 863979.734, 105
Trd, 863980.051, 105
Trd, 863980.168, 110
Trd, 863980.351, 104
Trd, 863980.401, 101
Trd, 863980.484, 93
Trd, 863981.201, 105
Trd, 863981.701, 91
Trd, 863981.818, 107
Trd, 863981.851, 114
Trd, 863982.634, 93
Trd, 863983.051, 93
Trd, 863983.484, 111
Trd, 863984.068, 106
Trd, 863984.184, 101
Trd, 863984.434, 95
Trd, 863984.501, 90
Trd, 863985.168, 93
Trd, 863985.234, 98
Trd, 863985.384, 99
Trd, 863985.518, 107
Trd, 863986.534, 97
Trd, 863986.568, 90
Trd, 863986.868, 90
Trd, 863988.018, 105
Trd, 863988.118, 97
Trd, 863988.501, 107
Trd, 863988.684, 97
Trd, 863988.818, 109
Trd, 863989.484, 93
Trd, 863990.084, 106
Trd, 863990.468, 94
Trd, 863991.001, 103
Trd, 863991.068, 102
Trd, 863991.151, 107
Trd, 863992.334, 98
Trd, 863992.451, 109
Trd, 863993.901, 104
Trd, 863994.668, 101
Trd, 863994.751, 111
Trd, 863995.551, 112
Trd, 863995.568, 107
Trd, 863995.668, 96
Trd, 863995.818, 112
Trd, 863996.151, 111
Trd, 863996.284, 96
Trd, 863996.418, 95
Trd, 863997.468, 95
Trd, 863998.234, 96
Trd, 863998.418, 102
Trd, 863999.068, 97
Trd, 863999.151, 100
Trd, 863999.768, 107
Trd, 863999.868, 100
