Trd, 863297.534, 89
Trd, 863297.618, 100
Trd, 863298.201, 112
Trd, 863298.318, 104
Trd, 863298.734, 106
Trd, 863299.568, 107
Trd, 863299.718, 106
Trd, 863299.918, 106
Trd, 863300.034, 93
Trd, 863300.068, 103
Trd, 863300.401, 116
Trd, 863300.718, 118
Trd, 863300.901, 115
Trd, 863301.118, 114
Trd, 863301.868, 98
Trd, 863303.184, 94
Trd, 863304.101, 98
Trd, 863304.334, 103
Trd, 863304.551, 96
Trd, 863304.668, 95
Trd, 863305.451, 89
Trd, 863305.584, 91
Trd, 863306.284, 96
Trd, 863307.201, 101
Trd, 863307.218, 93
Trd, 863307.434, 92
Trd, 863307.818, 84
Trd, 863308.401, 96
Trd, 863308.468, 85
Trd, 863308.734, 102
Trd, 863308.818, 103
Trd, 863309.534, 96
Trd, 863310.401, 86
Trd, 863311.184, 95
Trd, 863311.551, 95
Trd, 863311.568, 94
Trd, 863311.901, 101
Trd, 863312.401, 114
Trd, 863313.084, 115
Trd, 863313.751, 116
Trd, 863313.884, 115
Trd, 863314.484, 106
Trd, 863315.101, 116
Trd, 863315.201, 118
Trd, 863315.734, 111
Trd, 863315.951, 93
Trd, 863316.134, 106
Trd, 863316.234, 115
Trd, 863316.734, 98
Trd, 863316.968, 90
Trd, 863317.651, 116
Trd, 863317.968, 116
Trd, 863318.201, 115
Trd, 863318.568, 109
Trd, 863318.768, 99
Trd, 863319.884, 94
Trd, 863320.434, 98
Trd, 863320.718, 101
Trd, 863320.984, 91
Trd, 863321.151, 94
Trd, 863321.701, 101
Trd, 863321.801, 109
Trd, 863322.951, 98
Trd, 863323.018, 100
Trd, 863323.434, 97
Trd, 863324.334, 96
Trd, 863324.484, 96
Trd, 863324.818, 110
Trd, 863325.001, 115
Trd, 863326.034, 113
Trd, 863326.618, 113
Trd, 863326.968, 110
Trd, 863328.001, 106
Trd, 863328.484, 114
Trd, 863328.501, 106
Trd, 863328.584, 105
Trd, 863328.884, 100
Trd, 863329.034, 111
Trd, 863329.234, 100
Trd, 863329.718, 103
Trd, 863329.801, 94
Trd, 863329.968, 114
Trd, 863330.384, 106
Trd, 863331.018, 118
Trd, 863331.834, 99
Trd, 863331.868, 93
Trd, 863332.551, 93
Trd, 863332.834, 92
Trd, 863333.418, 96
Trd, 863333.851, 89
Trd, 863334.818, 115
Trd, 863334.918, 107
Trd, 863336.034, 110
Trd, 863336.734, 114
Trd, 863336.834, 105
Trd, 863337.018, 104
Trd, 863337.101, 100
Trd, 863337.768, 101
Trd, 863337.784, 91
Trd, 863338.301, 93
Trd, 863338.601, 101
Trd, 863339.118, 95
Trd, 863339.684, 100
Trd, 863340.468, 102
Trd, 863341.851, 107
Trd, 863341.934, 110
Trd, 863341.968, 104
Trd, 863342.184, 102
Trd, 863342.634, 102
Trd, 863342.668, 115
Trd, 863343.051, 101
Trd, 863344.334, 114
Trd, 863344.368, 108
Trd, 863345.601, 104
Trd, 863346.318, 111
Trd, 863346.434, 110
Trd, 863346.534, 114
Trd, 863346.584, 95
Trd, 863346.901, 92
Trd, 863347.551, 92
Trd, 863349.001, 96
Trd, 863350.134, 108
Trd, 863350.484, 95
Trd, 863350.651, 99
Trd, 863350.818, 93
Trd, 863351.251, 110
Trd, 863351.268, 93
Trd, 863351.318, 92
Trd, 863352.201, 93
Trd, 863352.734, 90
Trd, 863353.668, 94
Trd, 863354.584, 95
Trd, 863354.868, 91
Trd, 863355.034, 89
Trd, 863355.668, 101
Trd, 863355.701, 102
Trd, 863355.851, 99
Trd, 863356.134, 103
Trd, 863356.768, 94
Trd, 863357.101, 91
Trd, 863357.401, 105
Trd, 863357.618, 106
Trd, 863358.301, 89
Trd, 863358.834, 101
Trd, 863358.868, 110
Trd, 863359.101, 113
Trd, 863359.601, 105
Trd, 863359.718, 104
Trd, 863360.951, 100
Trd, 863361.134, 106
Trd, 863361.184, 120
Trd, 863361.484, 100
Trd, 863362.318, 99
Trd, 863362.534, 113
Trd, 863362.601, 101
Trd, 863364.134, 96
Trd, 863364.601, 95
Trd, 863364.801, 102
Trd, 863365.501, 96
Trd, 863366.134, 104
Trd, 863366.418, 110
Trd, 863366.801, 95
Trd, 863367.034, 112
Trd, 863367.851, 89
Trd, 863367.984, 92
Trd, 863368.784, 103
Trd, 863369.318, 116
Trd, 863369.468, 93
Trd, 863370.834, 100
Trd, 863370.951, 98
Trd, 863371.284, 97
Trd, 863371.601, 102
Trd, 863371.734, 97
Trd, 863373.084, 107
Trd, 863374.634, 109
Trd, 863375.351, 108
Trd, 863375.451, 111
Trd, 863375.484, 116
Trd, 863376.268, 106
Trd, 863376.634, 115
Trd, 863376.701, 106
Trd, 863376.834, 99
Trd, 863377.234, 93
Trd, 863377.734, 111
Trd, 863377.751, 96
Trd, 863379.301, 114
Trd, 863379.618, 99
Trd, 863379.918, 93
Trd, 863380.134, 106
Trd, 863380.934, 99
Trd, 863381.134, 102
Trd, 863382.184, 105
Trd, 863382.334, 96
Trd, 863382.518, 96
Trd, 863383.018, 115
Trd, 863383.468, 98
Trd, 863383.618, 101
Trd, 863384.451, 104
Trd, 863384.601, 92
Trd, 863385.218, 94
Trd, 863385.234, 93
Trd, 863386.484, 110
Trd, 863387.034, 105
Trd, 863387.351, 105
Trd, 863388.084, 118
Trd, 863388.118, 103
Trd, 863388.684, 103
Trd, 863389.034, 106
Trd, 863389.284, 118
Trd, 863389.618, 110
Trd, 863389.884, 99
Trd, 863390.151, 98
Trd, 863391.568, 106
Trd, 863392.418, 99
Trd, 863392.468, 100
Trd, 863392.651, 99
Trd, 863392.768, 97
Trd, 863393.934, 87
Trd, 863394.134, 83
Trd, 863394.201, 89
Trd, 863394.718, 98
Trd, 863395.334, 100
Trd, 863395.368, 104
Trd, 863395.684, 107
Trd, 863395.751, 111
Trd, 863396.384, 98
Trd, 863396.501, 116
Trd, 863396.584, 120
Trd, 863397.834, 99
Trd, 863398.484, 111
Trd, 863399.368, 101
Trd, 863399.601, 100
Trd, 863401.851, 106
Trd, 863402.151, 100
Trd, 863402.384, 99
Trd, 863402.768, 97
Trd, 863403.218, 108
Trd, 863403.284, 93
Trd, 863404.084, 115
Trd, 863404.534, 110
Trd, 863404.734, 116
Trd, 863405.051, 110
Trd, 863405.318, 116
Trd, 863405.584, 95
Trd, 863405.751, 99
Trd, 863406.618, 103
Trd, 863406.668, 91
Trd, 863406.834, 89
Trd, 863407.184, 109
Trd, 863407.251, 87
Trd, 863408.818, 90
Trd, 863408.884, 91
Trd, 863409.234, 100
Trd, 863410.318, 101
Trd, 863411.368, 102
Trd, 863411.534, 119
Trd, 863411.601, 101
Trd, 863411.801, 101
Trd, 863412.351, 105
Trd, 863412.901, 92
Trd, 863413.834, 91
Trd, 863414.034, 91
Trd, 863414.518, 100
Trd, 863415.201, 97
Trd, 863416.068, 123
Trd, 863416.168, 108
Trd, 863416.851, 114
Trd, 863416.884, 110
Trd, 863417.218, 109
Trd, 863417.434, 106
Trd, 863417.884, 106
Trd, 863418.168, 106
Trd, 863418.268, 119
Trd, 863419.268, 101
Trd, 863419.284, 99
Trd, 863419.318, 109
Trd, 863420.384, 122
Trd, 863420.601, 96
Trd, 863420.784, 88
Trd, 863421.634, 97
Trd, 863421.701, 96
Trd, 863421.768, 115
Trd, 863422.384, 112
Trd, 863422.984, 112
Trd, 863423.301, 104
Trd, 863424.268, 115
Trd, 863424.368, 101
Trd, 863424.451, 120
Trd, 863424.534, 100
Trd, 863424.968, 93
Trd, 863425.201, 109
Trd, 863426.434, 104
Trd, 863426.668, 96
Trd, 863426.784, 95
Trd, 863428.218, 116
Trd, 863428.268, 112
Trd, 863429.084, 109
Trd, 863429.318, 106
Trd, 863429.484, 104
Trd, 863430.418, 99
Trd, 863430.701, 99
Trd, 863430.918, 96
Trd, 863431.284, 119
Trd, 863431.918, 107
Trd, 863432.218, 104
Trd, 863432.468, 89
Trd, 863432.784, 103
Trd, 863434.101, 102
Trd, 863435.351, 108
Trd, 863435.434, 109
Trd, 863435.684, 106
Trd, 863435.751, 106
Trd, 863436.218, 109
Trd, 863436.251, 107
Trd, 863436.434, 103
Trd, 863436.834, 104
Trd, 863438.068, 113
Trd, 863438.284, 113
Trd, 863438.801, 108
Trd, 863438.868, 105
Trd, 863439.468, 99
Trd, 863440.068, 117
Trd, 863440.118, 103
Trd, 863440.251, 103
Trd, 863442.484, 113
Trd, 863442.618, 112
Trd, 863442.684, 117
Trd, 863442.834, 101
Trd, 863443.118, 109
Trd, 863443.418, 109
Trd, 863443.818, 109
Trd, 863445.101, 116
Trd, 863445.484, 112
Trd, 863445.534, 111
Trd, 863445.734, 118
Trd, 863446.084, 113
Trd, 863446.151, 104
Trd, 863446.184, 99
Trd, 863446.268, 94
Trd, 863447.184, 89
Trd, 863447.351, 108
Trd, 863447.484, 116
Trd, 863447.834, 99
Trd, 863448.434, 109
Trd, 863448.684, 110
Trd, 863448.701, 91
Trd, 863448.718, 111
Trd, 863449.268, 91
Trd, 863449.701, 100
Trd, 863450.818, 113
Trd, 863451.618, 114
Trd, 863453.084, 111
Trd, 863453.851, 113
Trd, 863454.001, 106
Trd, 863454.068, 115
Trd, 863454.118, 104
Trd, 863454.218, 103
Trd, 863454.684, 107
Trd, 863454.851, 109
Trd, 863455.268, 115
Trd, 863455.551, 98
Trd, 863455.568, 97
Trd, 863456.434, 115
Trd, 863456.551, 96
Trd, 863457.334, 113
Trd, 863457.584, 117
Trd, 863457.718, 91
Trd, 863458.618, 99
Trd, 863459.101, 100
Trd, 863459.468, 118
Trd, 863459.651, 99
Trd, 863460.584, 107
Trd, 863460.734, 101
Trd, 863460.968, 92
Trd, 863461.634, 99
Trd, 863462.584, 112
Trd, 863463.168, 105
Trd, 863463.851, 101
Trd, 863463.918, 100
Trd, 863464.368, 98
Trd, 863465.234, 104
Trd, 863465.251, 105
Trd, 863465.984, 107
Trd, 863466.084, 106
Trd, 863466.968, 97
Trd, 863467.118, 97
Trd, 863467.818, 96
Trd, 863468.051, 97
Trd, 863468.768, 105
Trd, 863468.801, 95
Trd, 863469.484, 104
Trd, 863469.701, 106
Trd, 863469.734, 94
Trd, 863470.668, 117
Trd, 863470.718, 120
Trd, 863471.018, 94
Trd, 863471.184, 93
Trd, 863471.518, 108
Trd, 863472.218, 107
Trd, 863472.701, 115
Trd, 863473.368, 98
Trd, 863473.701, 99
Trd, 863474.184, 93
Trd, 863474.534, 89
Trd, 863475.568, 102
Trd, 863476.318, 109
Trd, 863476.534, 101
Trd, 863476.634, 94
Trd, 863476.784, 97
Trd, 863476.801, 94
Trd, 863476.918, 101
Trd, 863477.368, 89
Trd, 863477.401, 97
Trd, 863477.718, 85
Trd, 863478.084, 86
Trd, 863478.784, 108
Trd, 863480.184, 104
Trd, 863480.384, 99
Trd, 863480.601, 99
Trd, 863480.934, 110
Trd, 863481.384, 106
Trd, 863482.068, 113
Trd, 863482.084, 121
Trd, 863482.534, 114
Trd, 863482.584, 103
Trd, 863483.934, 107
Trd, 863483.984, 103
Trd, 863484.084, 109
Trd, 863484.151, 102
Trd, 863485.351, 107
Trd, 863485.518, 100
Trd, 863485.634, 109
Trd, 863485.718, 99
Trd, 863486.384, 106
Trd, 863486.501, 104
Trd, 863486.601, 101
Trd, 863487.018, 102
Trd, 863487.701, 106
Trd, 863488.051, 99
Trd, 863488.151, 115
Trd, 863488.718, 109
Trd, 863489.334, 110
Trd, 863489.784, 116
Trd, 863490.118, 106
Trd, 863490.534, 102
Trd, 863491.868, 100
Trd, 863492.001, 89
Trd, 863492.384, 89
Trd, 863493.351, 84
Trd, 863493.501, 90
Trd, 863494.051, 99
Trd, 863494.401, 101
Trd, 863495.318, 97
Trd, 863495.418, 95
Trd, 863495.684, 105
Trd, 863495.968, 117
Trd, 863496.384, 93
Trd, 863496.551, 91
Trd, 863496.684, 103
Trd, 863496.901, 98
Trd, 863497.318, 104
Trd, 863497.634, 94
Trd, 863498.018, 100
Trd, 863498.084, 107
Trd, 863498.801, 98
Trd, 863498.834, 109
Trd, 863498.901, 95
Trd, 863499.618, 104
Trd, 863499.901, 95
Trd, 863502.184, 108
Trd, 863502.284, 109
Trd, 863502.351, 96
Trd, 863503.034, 117
Trd, 863503.968, 111
Trd, 863504.101, 116
Trd, 863504.201, 111
Trd, 863504.234, 100
Trd, 863504.568, 99
Trd, 863505.068, 105
Trd, 863505.618, 105
Trd, 863506.101, 110
Trd, 863506.168, 102
Trd, 863506.401, 111
Trd, 863507.084, 103
Trd, 863507.301, 112
Trd, 863507.901, 111
Trd, 863507.984, 108
Trd, 863508.034, 106
Trd, 863508.368, 111
Trd, 863508.818, 99
Trd, 863508.901, 116
Trd, 863509.184, 94
Trd, 863509.851, 109
Trd, 863510.134, 102
Trd, 863510.268, 100
Trd, 863510.668, 108
Trd, 863511.051, 112
Trd, 863511.784, 118
Trd, 863511.984, 98
Trd, 863513.234, 117
Trd, 863513.918, 106
Trd, 863513.951, 94
Trd, 863514.951, 95
Trd, 863515.001, 101
Trd, 863515.168, 101
Trd, 863515.734, 102
Trd, 863516.034, 101
Trd, 863516.401, 94
Trd, 863516.601, 92
Trd, 863517.151, 111
Trd, 863517.968, 109
Trd, 863518.034, 108
Trd, 863518.101, 99
Trd, 863518.634, 98
Trd, 863518.701, 108
Trd, 863518.984, 98
Trd, 863519.384, 96
Trd, 863519.901, 114
Trd, 863521.484, 96
Trd, 863522.468, 109
Trd, 863522.734, 104
Trd, 863522.768, 105
Trd, 863523.384, 98
Trd, 863523.401, 97
Trd, 863523.568, 97
Trd, 863524.268, 96
Trd, 863524.284, 103
Trd, 863525.201, 99
Trd, 863526.468, 103
Trd, 863526.801, 106
Trd, 863526.984, 94
Trd, 863527.151, 93
Trd, 863527.251, 110
Trd, 863527.351, 112
Trd, 863527.751, 90
Trd, 863527.968, 117
Trd, 863528.018, 114
Trd, 863528.351, 102
Trd, 863528.601, 105
Trd, 863529.068, 88
Trd, 863529.634, 112
Trd, 863530.584, 89
Trd, 863531.068, 109
Trd, 863531.618, 107
Trd, 863531.868, 99
Trd, 863533.818, 99
Trd, 863533.834, 98
Trd, 863534.118, 105
Trd, 863534.301, 115
Trd, 863534.418, 99
Trd, 863534.818, 98
Trd, 863534.851, 107
Trd, 863535.284, 96
Trd, 863535.468, 94
Trd, 863535.701, 117
Trd, 863537.068, 113
Trd, 863538.034, 109
Trd, 863538.084, 112
Trd, 863538.218, 114
Trd, 863538.268, 106
Trd, 863538.834, 96
Trd, 863539.134, 115
Trd, 863539.218, 115
Trd, 863539.601, 91
Trd, 863539.634, 89
Trd, 863540.068, 106
Trd, 863540.201, 105
Trd, 863540.751, 107
Trd, 863541.851, 106
Trd, 863542.034, 97
Trd, 863542.084, 119
Trd, 863542.518, 96
Trd, 863544.318, 102
Trd, 863544.384, 91
Trd, 863544.584, 93
Trd, 863545.284, 106
Trd, 863545.451, 109
Trd, 863546.868, 102
Trd, 863546.984, 100
Trd, 863547.284, 98
Trd, 863547.918, 107
Trd, 863548.151, 104
Trd, 863549.134, 107
Trd, 863549.201, 106
Trd, 863550.384, 111
Trd, 863550.901, 112
Trd, 863551.084, 92
Trd, 863551.384, 116
Trd, 863551.418, 104
Trd, 863552.118, 103
Trd, 863552.634, 105
Trd, 863552.734, 98
Trd, 863552.751, 107
Trd, 863553.551, 92
Trd, 863553.701, 89
Trd, 863554.101, 106
Trd, 863554.268, 112
Trd, 863554.784, 89
Trd, 863554.968, 89
Trd, 863555.651, 95
Trd, 863556.351, 102
Trd, 863556.518, 88
Trd, 863556.834, 93
Trd, 863557.584, 98
Trd, 863557.684, 116
Trd, 863557.901, 87
Trd, 863558.018, 95
Trd, 863559.051, 94
Trd, 863559.451, 82
Trd, 863559.818, 87
Trd, 863560.384, 83
Trd, 863560.418, 86
Trd, 863560.584, 93
Trd, 863561.301, 83
Trd, 863561.751, 96
Trd, 863562.568, 90
Trd, 863563.584, 110
Trd, 863563.968, 111
Trd, 863564.701, 113
Trd, 863564.851, 106
Trd, 863565.134, 104
Trd, 863565.184, 106
Trd, 863566.068, 101
Trd, 863567.034, 108
Trd, 863567.051, 106
Trd, 863567.184, 109
Trd, 863567.284, 94
Trd, 863567.751, 93
Trd, 863567.784, 115
Trd, 863569.318, 106
Trd, 863569.584, 106
Trd, 863569.818, 105
Trd, 863569.868, 99
Trd, 863570.718, 99
Trd, 863571.301, 93
Trd, 863571.318, 89
Trd, 863572.651, 110
Trd, 863573.301, 108
Trd, 863573.801, 114
Trd, 863574.084, 106
Trd, 863574.251, 106
Trd, 863574.318, 105
Trd, 863575.434, 99
Trd, 863575.634, 122
Trd, 863575.984, 120
Trd, 863576.234, 105
Trd, 863576.851, 97
Trd, 863577.051, 113
Trd, 863578.751, 116
Trd, 863578.884, 119
Trd, 863578.934, 106
Trd, 863579.551, 106
Trd, 863579.818, 111
Trd, 863580.351, 92
Trd, 863580.868, 104
Trd, 863581.218, 110
Trd, 863582.001, 105
Trd, 863582.334, 103
Trd, 863583.234, 102
Trd, 863583.651, 91
Trd, 863584.301, 113
Trd, 863584.518, 111
Trd, 863585.418, 118
Trd, 863585.618, 106
Trd, 863586.084, 105
Trd, 863586.134, 104
Trd, 863586.284, 92
Trd, 863587.118, 94
Trd, 863587.584, 89
Trd, 863588.534, 122
Trd, 863589.401, 109
Trd, 863589.734, 106
Trd, 863590.451, 111
Trd, 863590.684, 116
Trd, 863590.834, 109
Trd, 863591.101, 106
Trd, 863591.318, 115
Trd, 863591.918, 105
Trd, 863592.568, 112
Trd, 863593.168, 117
Trd, 863593.818, 110
Trd, 863594.451, 105
Trd, 863594.634, 103
Trd, 863595.018, 102
Trd, 863595.051, 99
Trd, 863595.751, 109
Trd, 863595.934, 87
Trd, 863595.968, 87
Trd, 863597.718, 103
Trd, 863598.118, 103
Trd, 863598.218, 101
Trd, 863598.351, 104
Trd, 863598.518, 100
Trd, 863598.901, 106
Trd, 863599.368, 102
Trd, 863599.868, 92
Trd, 863600.118, 97
Trd, 863601.334, 110
Trd, 863601.734, 107
Trd, 863601.834, 95
Trd, 863602.234, 107
Trd, 863602.718, 93
Trd, 863604.218, 110
Trd, 863604.834, 113
Trd, 863605.301, 99
Trd, 863605.551, 98
Trd, 863605.651, 114
Trd, 863605.934, 100
Trd, 863606.134, 101
Trd, 863606.334, 99
Trd, 863606.418, 98
Trd, 863607.084, 95
Trd, 863607.234, 94
Trd, 863608.351, 100
Trd, 863608.701, 112
Trd, 863609.201, 113
Trd, 863609.301, 100
Trd, 863610.034, 103
Trd, 863610.801, 112
Trd, 863611.051, 118
Trd, 863611.218, 107
Trd, 863612.684, 104
Trd, 863612.701, 108
Trd, 863613.701, 105
Trd, 863614.234, 115
Trd, 863614.551, 105
Trd, 863614.934, 101
Trd, 863614.951, 115
Trd, 863615.001, 114
Trd, 863615.218, 95
Trd, 863615.684, 100
Trd, 863616.368, 89
Trd, 863617.484, 93
Trd, 863618.134, 100
Trd, 863618.268, 91
Trd, 863618.318, 90
Trd, 863618.401, 100
Trd, 863619.284, 93
Trd, 863619.518, 100
Trd, 863619.984, 101
Trd, 863621.084, 115
Trd, 863622.018, 101
Trd, 863622.118, 102
Trd, 863622.451, 112
Trd, 863623.168, 101
Trd, 863623.301, 99
Trd, 863623.501, 94
Trd, 863624.034, 93
Trd, 863624.634, 101
Trd, 863624.768, 101
Trd, 863625.451, 109
Trd, 863626.034, 102
Trd, 863626.068, 103
Trd, 863627.101, 106
Trd, 863627.301, 115
Trd, 863627.834, 110
Trd, 863628.001, 101
Trd, 863628.918, 99
Trd, 863629.018, 96
Trd, 863630.218, 113
Trd, 863630.868, 108
Trd, 863631.134, 107
Trd, 863631.151, 107
Trd, 863631.318, 102
Trd, 863632.101, 87
Trd, 863632.301, 86
Trd, 863632.434, 87
Trd, 863632.701, 112
Trd, 863633.851, 97
Trd, 863634.151, 102
Trd, 863634.801, 97
Trd, 863635.618, 112
Trd, 863635.734, 108
Trd, 863637.851, 106
Trd, 863638.501, 102
Trd, 863639.551, 101
Trd, 863639.734, 110
Trd, 863639.984, 102
Trd, 863640.351, 99
Trd, 863640.668, 110
Trd, 863640.701, 117
Trd, 863640.984, 95
Trd, 863641.618, 115
Trd, 863641.968, 119
Trd, 863642.351, 94
Trd, 863642.918, 100
Trd, 863643.018, 104
Trd, 863643.251, 99
Trd, 863643.351, 106
Trd, 863644.584, 93
Trd, 863645.168, 92
Trd, 863645.501, 104
Trd, 863645.734, 89
Trd, 863645.834, 106
Trd, 863646.284, 97
Trd, 863646.801, 112
Trd, 863647.618, 103
Trd, 863647.784, 99
Trd, 863647.951, 106
Trd, 863648.451, 94
Trd, 863649.184, 118
Trd, 863649.618, 97
Trd, 863649.668, 92
Trd, 863649.751, 89
Trd, 863649.918, 115
Trd, 863651.568, 105
Trd, 863652.084, 120
Trd, 863652.101, 111
Trd, 863652.418, 121
Trd, 863653.168, 116
Trd, 863653.568, 106
Trd, 863653.851, 106
Trd, 863654.301, 99
Trd, 863654.484, 96
Trd, 863654.801, 95
Trd, 863654.818, 100
Trd, 863655.368, 103
Trd, 863655.701, 103
Trd, 863656.218, 93
Trd, 863657.318, 115
Trd, 863657.884, 96
Trd, 863658.184, 106
Trd, 863658.351, 95
Trd, 863658.834, 93
Trd, 863659.001, 102
Trd, 863659.884, 92
Trd, 863659.934, 95
Trd, 863660.784, 108
Trd, 863660.834, 92
Trd, 863661.251, 108
Trd, 863661.901, 92
Trd, 863662.284, 95
Trd, 863662.451, 92
Trd, 863662.534, 91
Trd, 863663.151, 107
Trd, 863663.701, 106
Trd, 863663.901, 104
Trd, 863663.968, 108
Trd, 863665.068, 105
Trd, 863665.701, 103
Trd, 863666.934, 107
Trd, 863667.201, 102
Trd, 863667.651, 108
Trd, 863667.718, 102
Trd, 863668.601, 99
Trd, 863668.901, 112
Trd, 863668.984, 111
Trd, 863669.084, 99
Trd, 863669.401, 98
Trd, 863670.184, 109
Trd, 863670.434, 111
Trd, 863670.584, 107
Trd, 863671.218, 114
Trd, 863671.318, 101
Trd, 863671.651, 93
Trd, 863672.118, 89
Trd, 863672.568, 83
Trd, 863672.751, 97
Trd, 863672.918, 101
Trd, 863673.134, 116
Trd, 863673.334, 119
Trd, 863674.684, 110
Trd, 863675.201, 116
Trd, 863675.251, 99
Trd, 863675.684, 93
Trd, 863675.968, 107
Trd, 863676.018, 89
Trd, 863676.701, 112
Trd, 863676.818, 94
Trd, 863677.018, 78
Trd, 863677.151, 84
Trd, 863677.801, 112
Trd, 863678.351, 114
Trd, 863678.468, 117
Trd, 863679.034, 115
Trd, 863679.418, 89
Trd, 863679.684, 120
Trd, 863680.818, 101
Trd, 863681.301, 119
Trd, 863682.134, 113
Trd, 863682.901, 112
Trd, 863683.068, 116
Trd, 863683.118, 110
Trd, 863684.001, 109
Trd, 863684.118, 106
Trd, 863684.384, 101
Trd, 863684.684, 114
Trd, 863684.884, 112
Trd, 863685.484, 109
Trd, 863685.551, 108
Trd, 863685.584, 99
Trd, 863686.134, 115
Trd, 863687.318, 94
Trd, 863687.551, 93
Trd, 863687.801, 99
Trd, 863687.884, 101
Trd, 863689.651, 99
Trd, 863690.084, 107
Trd, 863691.051, 100
Trd, 863691.968, 94
Trd, 863692.451, 105
Trd, 863692.534, 106
Trd, 863692.551, 104
Trd, 863693.218, 98
Trd, 863693.851, 108
Trd, 863694.118, 98
Trd, 863694.384, 104
Trd, 863694.618, 98
Trd, 863694.901, 97
Trd, 863695.318, 114
Trd, 863695.784, 117
Trd, 863696.684, 107
Trd, 863697.318, 111
Trd, 863697.901, 106
Trd, 863698.001, 106
Trd, 863698.234, 103
Trd, 863698.251, 110
Trd, 863698.468, 110
Trd, 863698.734, 94
Trd, 863699.001, 93
Trd, 863699.334, 103
Trd, 863700.701, 106
Trd, 863701.318, 92
Trd, 863702.351, 93
Trd, 863702.384, 90
Trd, 863702.618, 94
Trd, 863702.851, 100
Trd, 863703.318, 101
Trd, 863703.418, 88
Trd, 863704.268, 113
Trd, 863704.434, 112
Trd, 863705.018, 107
Trd, 863705.701, 108
Trd, 863706.084, 99
Trd, 863706.318, 112
Trd, 863706.918, 102
Trd, 863707.734, 109
Trd, 863708.201, 112
Trd, 863708.301, 105
Trd, 863709.168, 100
Trd, 863709.401, 108
Trd, 863709.634, 101
Trd, 863709.868, 99
Trd, 863709.901, 98
Trd, 863710.568, 97
Trd, 863710.601, 111
Trd, 863711.318, 108
Trd, 863712.334, 115
Trd, 863712.668, 108
Trd, 863712.701, 110
Trd, 863713.618, 107
Trd, 863714.601, 106
Trd, 863715.018, 97
Trd, 863715.968, 98
Trd, 863716.368, 104
Trd, 863716.401, 103
Trd, 863716.551, 100
Trd, 863716.601, 99
Trd, 863716.851, 94
Trd, 863717.651, 100
Trd, 863717.734, 104
Trd, 863717.834, 108
Trd, 863718.751, 100
Trd, 863719.718, 116
Trd, 863720.268, 99
Trd, 863720.568, 102
Trd, 863720.784, 98
Trd, 863720.801, 94
Trd, 863721.101, 108
Trd, 863721.218, 89
Trd, 863721.751, 109
Trd, 863722.284, 113
Trd, 863723.034, 112
Trd, 863723.384, 111
Trd, 863723.951, 102
Trd, 863724.534, 108
Trd, 863724.834, 101
Trd, 863724.951, 99
Trd, 863725.151, 116
Trd, 863725.818, 109
Trd, 863726.318, 94
Trd, 863727.051, 101
Trd, 863727.634, 100
Trd, 863728.168, 94
Trd, 863728.801, 102
Trd, 863728.968, 96
Trd, 863729.168, 103
Trd, 863729.651, 96
Trd, 863731.818, 104
Trd, 863732.334, 115
Trd, 863732.484, 102
Trd, 863732.501, 101
Trd, 863732.951, 103
Trd, 863733.218, 99
Trd, 863733.268, 111
Trd, 863733.634, 117
Trd, 863734.068, 108
Trd, 863734.518, 110
Trd, 863734.701, 117
Trd, 863735.134, 109
Trd, 863735.618, 115
Trd, 863735.934, 99
Trd, 863735.984, 94
Trd, 863736.184, 93
Trd, 863736.834, 104
Trd, 863737.018, 101
Trd, 863737.768, 107
Trd, 863738.768, 101
Trd, 863739.118, 101
Trd, 863739.184, 100
Trd, 863739.518, 110
Trd, 863739.784, 103
Trd, 863739.984, 102
Trd, 863740.851, 114
Trd, 863742.018, 97
Trd, 863742.634, 109
Trd, 863742.701, 117
Trd, 863743.101, 96
Trd, 863743.301, 95
Trd, 863744.051, 93
Trd, 863744.401, 92
Trd, 863744.568, 112
Trd, 863746.068, 100
Trd, 863746.384, 95
Trd, 863746.651, 107
Trd, 863747.251, 108
Trd, 863747.568, 101
Trd, 863747.818, 100
Trd, 863748.151, 99
Trd, 863748.368, 98
Trd, 863748.718, 98
Trd, 863748.834, 108
Trd, 863749.401, 97
Trd, 863749.434, 99
Trd, 863749.451, 94
Trd, 863749.551, 89
Trd, 863749.601, 118
Trd, 863750.068, 109
Trd, 863750.801, 108
Trd, 863751.234, 114
Trd, 863751.768, 111
Trd, 863752.401, 108
Trd, 863752.534, 119
Trd, 863752.884, 91
Trd, 863753.134, 89
Trd, 863754.334, 93
Trd, 863754.818, 104
Trd, 863754.951, 103
Trd, 863755.568, 95
Trd, 863755.784, 92
Trd, 863755.984, 99
Trd, 863757.934, 94
Trd, 863757.951, 96
Trd, 863758.068, 100
Trd, 863758.834, 101
Trd, 863758.918, 98
Trd, 863759.084, 94
Trd, 863759.301, 97
Trd, 863759.868, 108
Trd, 863760.101, 94
Trd, 863760.751, 112
Trd, 863761.068, 106
Trd, 863761.251, 91
Trd, 863761.501, 82
Trd, 863761.518, 83
Trd, 863763.518, 108
Trd, 863763.534, 99
Trd, 863763.934, 107
Trd, 863763.951, 109
Trd, 863765.301, 110
Trd, 863765.801, 106
Trd, 863765.851, 103
Trd, 863766.018, 99
Trd, 863766.401, 99
Trd, 863767.351, 114
Trd, 863767.751, 96
Trd, 863770.101, 105
Trd, 863770.334, 105
Trd, 863770.518, 107
Trd, 863770.568, 108
Trd, 863770.601, 103
Trd, 863771.501, 117
Trd, 863771.634, 100
Trd, 863772.484, 113
Trd, 863773.001, 103
Trd, 863773.201, 114
Trd, 863773.851, 100
Trd, 863774.084, 115
Trd, 863774.251, 99
Trd, 863774.268, 99
Trd, 863774.684, 109
Trd, 863774.868, 115
Trd, 863774.918, 106
Trd, 863775.234, 98
Trd, 863776.834, 108
Trd, 863777.201, 92
Trd, 863777.284, 93
Trd, 863777.384, 100
Trd, 863777.668, 87
Trd, 863778.584, 94
Trd, 863778.601, 101
Trd, 863778.701, 116
Trd, 863779.384, 118
Trd, 863779.651, 97
Trd, 863779.668, 104
Trd, 863780.168, 92
Trd, 863780.751, 101
Trd, 863781.018, 89
Trd, 863781.901, 93
Trd, 863782.068, 92
Trd, 863782.301, 100
Trd, 863782.568, 102
Trd, 863783.384, 96
Trd, 863783.818, 109
Trd, 863784.301, 110
Trd, 863784.584, 109
Trd, 863784.618, 108
Trd, 863784.834, 100
Trd, 863785.568, 108
Trd, 863786.001, 104
Trd, 863786.284, 113
Trd, 863786.518, 91
Trd, 863786.584, 89
Trd, 863787.068, 99
Trd, 863787.701, 93
Trd, 863787.718, 91
Trd, 863788.218, 94
Trd, 863788.884, 110
Trd, 863788.918, 103
Trd, 863790.284, 92
Trd, 863790.518, 87
Trd, 863790.951, 98
Trd, 863791.318, 101
Trd, 863791.934, 87
Trd, 863792.151, 102
Trd, 863793.018, 101
Trd, 863793.068, 104
Trd, 863793.268, 109
Trd, 863793.401, 100
Trd, 863794.418, 110
Trd, 863794.801, 106
Trd, 863795.734, 99
Trd, 863795.818, 98
Trd, 863796.251, 93
Trd, 863796.468, 98
Trd, 863796.551, 94
Trd, 863797.268, 94
Trd, 863797.318, 92
Trd, 863797.751, 100
Trd, 863798.168, 96
Trd, 863798.234, 99
Trd, 863798.334, 101
Trd, 863798.584, 108
Trd, 863798.684, 109
Trd, 863798.801, 114
Trd, 863799.318, 96
Trd, 863799.884, 116
Trd, 863800.951, 89
Trd, 863801.384, 89
Trd, 863801.918, 98
Trd, 863802.384, 102
Trd, 863803.684, 111
Trd, 863803.918, 106
Trd, 863804.234, 101
Trd, 863805.201, 101
Trd, 863805.618, 108
Trd, 863805.718, 103
Trd, 863805.834, 118
Trd, 863805.951, 119
Trd, 863807.218, 100
Trd, 863807.284, 94
Trd, 863807.768, 89
Trd, 863807.951, 90
Trd, 863808.084, 94
Trd, 863809.234, 94
Trd, 863809.334, 78
Trd, 863809.484, 82
Trd, 863809.918, 93
Trd, 863810.284, 91
Trd, 863810.368, 101
Trd, 863810.501, 101
Trd, 863810.734, 113
Trd, 863811.101, 87
Trd, 863811.618, 105
Trd, 863811.768, 99
Trd, 863812.184, 95
Trd, 863813.151, 94
Trd, 863813.268, 110
Trd, 863813.768, 94
Trd, 863813.901, 106
Trd, 863813.951, 82
Trd, 863814.234, 92
Trd, 863815.084, 89
Trd, 863815.618, 94
Trd, 863817.668, 102
Trd, 863817.784, 103
Trd, 863817.834, 102
Trd, 863818.168, 102
Trd, 863818.718, 117
Trd, 863819.918, 111
Trd, 863819.968, 105
Trd, 863820.001, 102
Trd, 863820.134, 99
Trd, 863820.718, 94
Trd, 863821.184, 101
Trd, 863821.701, 92
Trd, 863821.951, 123
Trd, 863822.234, 117
Trd, 863822.951, 102
Trd, 863823.168, 109
Trd, 863823.184, 94
Trd, 863823.901, 111
Trd, 863824.301, 116
Trd, 863824.568, 107
Trd, 863824.734, 106
Trd, 863824.834, 99
Trd, 863824.934, 112
Trd, 863825.034, 94
Trd, 863825.484, 120
Trd, 863825.601, 92
Trd, 863826.001, 89
Trd, 863826.851, 106
Trd, 863827.118, 93
Trd, 863827.168, 121
Trd, 863827.451, 118
Trd, 863827.518, 84
Trd, 863828.201, 85
Trd, 863828.818, 93
Trd, 863829.768, 94
Trd, 863829.851, 93
Trd, 863829.968, 89
Trd, 863830.034, 98
Trd, 863830.434, 100
Trd, 863830.918, 93
Trd, 863831.634, 95
Trd, 863832.384, 101
Trd, 863832.951, 98
Trd, 863833.151, 113
Trd, 863833.934, 102
Trd, 863834.034, 99
Trd, 863834.784, 100
Trd, 863834.834, 101
Trd, 863835.434, 94
Trd, 863835.534, 121
Trd, 863836.568, 121
Trd, 863836.801, 97
Trd, 863837.584, 119
Trd, 863837.818, 109
Trd, 863838.084, 121
Trd, 863838.468, 101
Trd, 863838.651, 110
Trd, 863839.218, 104
Trd, 863840.668, 107
Trd, 863841.001, 106
Trd, 863841.434, 106
Trd, 863841.451, 105
Trd, 863841.684, 99
Trd, 863842.268, 109
Trd, 863843.018, 106
Trd, 863843.518, 103
Trd, 863843.551, 108
Trd, 863843.618, 95
Trd, 863843.718, 109
Trd, 863844.218, 100
Trd, 863845.468, 93
Trd, 863845.518, 98
Trd, 863845.618, 115
Trd, 863845.668, 90
Trd, 863845.718, 116
Trd, 863846.001, 117
Trd, 863846.451, 116
Trd, 863847.184, 99
Trd, 863847.368, 108
Trd, 863848.268, 115
Trd, 863848.418, 93
Trd, 863848.451, 90
Trd, 863849.201, 94
Trd, 863850.068, 104
Trd, 863850.301, 105
Trd, 863851.018, 115
Trd, 863851.801, 122
Trd, 863853.934, 112
Trd, 863853.951, 111
Trd, 863853.968, 111
Trd, 863854.951, 111
Trd, 863855.018, 108
Trd, 863855.601, 112
Trd, 863855.618, 106
Trd, 863855.851, 99
Trd, 863855.934, 94
Trd, 863856.184, 101
Trd, 863856.834, 93
Trd, 863857.234, 113
Trd, 863857.834, 103
Trd, 863857.918, 119
Trd, 863858.151, 105
Trd, 863859.234, 110
Trd, 863859.551, 103
Trd, 863859.951, 115
Trd, 863860.401, 97
Trd, 863861.884, 110
Trd, 863862.384, 101
Trd, 863862.401, 99
Trd, 863862.418, 96
Trd, 863863.051, 96
Trd, 863863.068, 95
Trd, 863863.384, 94
Trd, 863865.601, 105
Trd, 863865.618, 101
Trd, 863867.501, 100
Trd, 863867.801, 104
Trd, 863867.951, 105
Trd, 863868.534, 107
Trd, 863868.668, 107
Trd, 863868.701, 112
Trd, 863868.751, 112
Trd, 863869.184, 108
Trd, 863869.518, 115
Trd, 863869.618, 100
Trd, 863869.718, 99
Trd, 863869.918, 99
Trd, 863870.301, 103
Trd, 863871.418, 99
Trd, 863872.268, 100
Trd, 863872.318, 98
Trd, 863872.368, 94
Trd, 863872.968, 101
Trd, 863873.084, 115
Trd, 863874.101, 108
Trd, 863874.218, 114
Trd, 863875.301, 108
Trd, 863875.501, 111
Trd, 863875.534, 106
Trd, 863877.534, 105
Trd, 863878.184, 105
Trd, 863878.568, 110
Trd, 863879.168, 101
Trd, 863879.718, 101
Trd, 863880.034, 106
Trd, 863880.084, 106
Trd, 863880.918, 99
Trd, 863881.134, 94
Trd, 863881.234, 92
Trd, 863882.018, 93
Trd, 863882.484, 89
Trd, 863882.501, 89
Trd, 863882.618, 101
Trd, 863883.101, 88
Trd, 863883.251, 107
Trd, 863883.384, 110
Trd, 863884.568, 94
Trd, 863884.834, 94
Trd, 863885.068, 99
Trd, 863885.301, 101
Trd, 863886.351, 106
Trd, 863886.851, 103
Trd, 863887.068, 99
Trd, 863887.751, 99
Trd, 863888.068, 109
Trd, 863889.418, 103
Trd, 863889.434, 102
Trd, 863889.501, 113
Trd, 863889.968, 101
Trd, 863890.251, 114
Trd, 863890.751, 97
Trd, 863891.018, 100
Trd, 863891.251, 102
Trd, 863891.501, 97
Trd, 863891.768, 96
Trd, 863892.501, 100
Trd, 863893.151, 97
Trd, 863893.301, 89
Trd, 863893.684, 102
Trd, 863893.934, 101
Trd, 863894.118, 104
Trd, 863894.318, 97
Trd, 863895.234, 93
Trd, 863895.784, 92
Trd, 863895.968, 100
Trd, 863896.818, 108
Trd, 863896.918, 115
Trd, 863897.284, 102
Trd, 863897.368, 101
Trd, 863897.401, 99
Trd, 863897.934, 93
Trd, 863899.234, 110
Trd, 863899.584, 106
Trd, 863900.051, 100
Trd, 863900.251, 94
Trd, 863901.418, 91
Trd, 863901.784, 86
Trd, 863901.934, 95
Trd, 863902.551, 100
Trd, 863902.651, 101
Trd, 863902.834, 105
Trd, 863905.401, 105
Trd, 863905.418, 106
Trd, 863905.568, 112
Trd, 863905.801, 102
Trd, 863906.118, 112
Trd, 863907.501, 106
Trd, 863907.718, 106
Trd, 863907.901, 108
Trd, 863907.968, 104
Trd, 863908.501, 108
Trd, 863908.718, 112
Trd, 863909.184, 102
Trd, 863909.218, 116
Trd, 863910.301, 109
Trd, 863911.334, 109
Trd, 863911.384, 94
Trd, 863911.884, 99
Trd, 863912.168, 108
Trd, 863912.701, 89
Trd, 863913.351, 88
Trd, 863913.851, 87
Trd, 863913.968, 94
Trd, 863914.034, 81
Trd, 863914.268, 96
Trd, 863915.001, 93
Trd, 863916.401, 94
Trd, 863916.684, 101
Trd, 863916.801, 107
Trd, 863916.951, 109
Trd, 863918.551, 113
Trd, 863918.684, 101
Trd, 863919.968, 103
Trd, 863920.418, 103
Trd, 863920.468, 101
Trd, 863920.484, 115
Trd, 863920.618, 99
Trd, 863921.551, 104
Trd, 863922.251, 97
Trd, 863922.534, 91
Trd, 863922.968, 99
Trd, 863923.001, 100
Trd, 863923.684, 120
Trd, 863924.051, 110
Trd, 863924.318, 123
Trd, 863924.818, 106
Trd, 863926.584, 105
Trd, 863927.018, 111
Trd, 863927.351, 100
Trd, 863927.868, 103
Trd, 863928.068, 113
Trd, 863928.251, 99
Trd, 863928.534, 118
Trd, 863928.868, 119
Trd, 863929.418, 116
Trd, 863929.434, 104
Trd, 863930.618, 113
Trd, 863931.084, 97
Trd, 863931.568, 114
Trd, 863931.618, 116
Trd, 863931.868, 104
Trd, 863932.184, 95
Trd, 863933.168, 98
Trd, 863934.501, 100
Trd, 863934.668, 98
Trd, 863934.784, 97
Trd, 863935.218, 92
Trd, 863935.484, 95
Trd, 863936.101, 101
Trd, 863936.751, 90
Trd, 863936.818, 101
Trd, 863937.201, 104
Trd, 863937.684, 110
Trd, 863938.634, 96
Trd, 863939.184, 108
Trd, 863939.401, 109
Trd, 863939.934, 108
Trd, 863940.234, 104
Trd, 863941.418, 111
Trd, 863943.234, 110
Trd, 863943.718, 112
Trd, 863944.168, 103
Trd, 863944.401, 98
Trd, 863944.918, 114
Trd, 863944.984, 100
Trd, 863945.068, 99
Trd, 863945.201, 117
Trd, 863945.418, 115
Trd, 863945.951, 97
Trd, 863946.501, 92
Trd, 863947.484, 108
Trd, 863948.301, 110
Trd, 863948.334, 100
Trd, 863948.601, 112
Trd, 863949.418, 107
Trd, 863949.434, 99
Trd, 863949.751, 99
Trd, 863950.034, 95
Trd, 863950.384, 89
Trd, 863950.484, 108
Trd, 863951.051, 105
Trd, 863951.584, 103
Trd, 863952.634, 103
Trd, 863952.784, 107
Trd, 863953.618, 108
Trd, 863953.934, 100
Trd, 863954.118, 99
Trd, 863954.251, 110
Trd, 863954.784, 101
Trd, 863954.834, 98
Trd, 863955.318, 96
Trd, 863955.984, 105
Trd, 863956.101, 110
Trd, 863956.551, 93
Trd, 863957.351, 93
Trd, 863958.318, 96
Trd, 863958.451, 100
Trd, 863958.801, 126
Trd, 863959.918, 99
Trd, 863959.934, 98
Trd, 863960.284, 103
Trd, 863960.618, 104
Trd, 863961.134, 108
Trd, 863961.734, 103
Trd, 863962.918, 107
Trd, 863963.034, 105
Trd, 863963.584, 115
Trd, 863963.984, 101
Trd, 863964.784, 102
Trd, 863964.834, 99
Trd, 863965.684, 102
Trd, 863966.351, 91
Trd, 863966.901, 108
Trd, 863967.001, 90
Trd, 863967.534, 94
Trd, 863967.568, 96
Trd, 863968.534, 88
Trd, 863969.268, 98
Trd, 863969.334, 95
Trd, 863969.701, 91
Trd, 863969.851, 94
Trd, 863970.018, 89
Trd, 863970.934, 111
Trd, 863971.218, 106
Trd, 863971.268, 113
Trd, 863971.801, 102
Trd, 863971.918, 95
Trd, 863972.451, 101
Trd, 863973.984, 101
Trd, 863974.168, 101
Trd, 863974.868, 100
Trd, 863974.984, 98
Trd, 863975.051, 94
Trd, 863975.351, 107
Trd, 863975.651, 108
Trd, 863976.101, 100
Trd, 863977.734, 97
Trd, 863977.784, 119
Trd, 863978.168, 96
Trd, 863979.468, 110
Trd, 863979.601, 98
Trd, 863980.101, 100
Trd, 863980.384, 95
Trd, 863981.151, 97
Trd, 863981.551, 105
Trd, 863981.951, 100
Trd, 863982.068, 97
Trd, 863982.134, 110
Trd, 863982.868, 91
Trd, 863983.634, 94
Trd, 863984.668, 102
Trd, 863985.201, 107
Trd, 863985.251, 112
Trd, 863985.384, 107
Trd, 863985.484, 113
Trd, 863985.918, 107
Trd, 863986.518, 111
Trd, 863986.751, 103
Trd, 863986.818, 104
Trd, 863987.568, 98
Trd, 863987.618, 97
Trd, 863987.818, 108
Trd, 863988.134, 92
Trd, 863988.251, 112
Trd, 863989.251, 107
Trd, 863989.968, 104
Trd, 863991.334, 106
Trd, 863991.618, 104
Trd, 863992.318, 115
Trd, 863992.401, 115
Trd, 863992.951, 113
Trd, 863993.634, 104
Trd, 863994.018, 98
Trd, 863994.451, 105
Trd, 863994.634, 106
Trd, 863995.468, 104
Trd, 863996.168, 99
Trd, 863996.334, 95
Trd, 863996.551, 89
Trd, 863997.068, 102
Trd, 863997.768, 97
Trd, 863998.034, 96
Trd, 863998.851, 96
Trd, 863998.984, 111
Trd, 863999.618, 90
Trd, 863999.801, 103
