Trd, 863329.684, 80
Trd, 863329.884, 93
Trd, 863330.318, 92
Trd, 863330.584, 99
Trd, 863330.784, 106
Trd, 863331.551, 106
Trd, 863331.618, 107
Trd, 863332.751, 110
Trd, 863333.201, 108
Trd, 863333.218, 107
Trd, 863333.601, 107
Trd, 863333.634, 106
Trd, 863334.651, 102
Trd, 863335.134, 101
Trd, 863335.534, 87
Trd, 863335.601, 99
Trd, 863336.268, 101
Trd, 863336.818, 104
Trd, 863337.101, 108
Trd, 863337.334, 113
Trd, 863338.168, 109
Trd, 863338.468, 105
Trd, 863338.484, 110
Trd, 863338.634, 104
Trd, 863338.651, 93
Trd, 863338.984, 109
Trd, 863339.184, 93
Trd, 863339.368, 110
Trd, 863339.801, 93
Trd, 863340.151, 83
Trd, 863340.418, 84
Trd, 863340.551, 84
Trd, 863340.684, 82
Trd, 863342.001, 104
Trd, 863342.101, 113
Trd, 863342.301, 114
Trd, 863342.318, 115
Trd, 863342.634, 94
Trd, 863343.068, 106
Trd, 863343.284, 93
Trd, 863343.301, 92
Trd, 863343.801, 102
Trd, 863343.868, 103
Trd, 863344.184, 96
Trd, 863344.834, 89
Trd, 863345.101, 105
Trd, 863345.284, 105
Trd, 863345.418, 106
Trd, 863346.284, 104
Trd, 863346.651, 94
Trd, 863346.834, 93
Trd, 863347.184, 92
Trd, 863347.584, 95
Trd, 863347.751, 83
Trd, 863348.884, 98
Trd, 863349.451, 97
Trd, 863349.601, 88
Trd, 863350.068, 97
Trd, 863350.684, 94
Trd, 863350.734, 93
Trd, 863350.751, 85
Trd, 863351.051, 100
Trd, 863351.318, 101
Trd, 863351.384, 87
Trd, 863351.468, 104
Trd, 863351.668, 85
Trd, 863352.218, 84
Trd, 863352.434, 86
Trd, 863353.134, 95
Trd, 863354.234, 82
Trd, 863354.334, 103
Trd, 863354.451, 104
Trd, 863354.618, 106
Trd, 863354.718, 106
Trd, 863355.034, 108
Trd, 863355.118, 109
Trd, 863355.251, 95
Trd, 863355.301, 94
Trd, 863355.651, 115
Trd, 863355.768, 95
Trd, 863355.868, 93
Trd, 863357.101, 102
Trd, 863357.234, 96
Trd, 863358.368, 100
Trd, 863359.468, 90
Trd, 863359.701, 89
Trd, 863359.901, 98
Trd, 863360.001, 99
Trd, 863360.084, 85
Trd, 863360.118, 82
Trd, 863360.184, 101
Trd, 863361.401, 90
Trd, 863362.068, 89
Trd, 863362.201, 82
Trd, 863362.318, 102
Trd, 863362.451, 104
Trd, 863362.534, 89
Trd, 863362.701, 105
Trd, 863362.951, 93
Trd, 863363.668, 97
Trd, 863363.701, 80
Trd, 863363.801, 87
Trd, 863364.001, 98
Trd, 863364.234, 104
Trd, 863364.384, 105
Trd, 863364.834, 99
Trd, 863365.551, 99
Trd, 863366.001, 93
Trd, 863366.184, 105
Trd, 863366.201, 106
Trd, 863367.184, 102
Trd, 863367.268, 103
Trd, 863367.634, 105
Trd, 863367.984, 98
Trd, 863368.368, 99
Trd, 863368.418, 95
Trd, 863369.334, 104
Trd, 863369.384, 105
Trd, 863369.818, 101
Trd, 863369.884, 102
Trd, 863370.268, 93
Trd, 863370.518, 92
Trd, 863370.618, 90
Trd, 863370.918, 97
Trd, 863371.168, 86
Trd, 863371.351, 104
Trd, 863372.151, 104
Trd, 863372.551, 105
Trd, 863373.268, 106
Trd, 863373.751, 97
Trd, 863373.918, 98
Trd, 863374.134, 97
Trd, 863375.018, 105
Trd, 863375.484, 110
Trd, 863375.951, 107
Trd, 863375.984, 111
Trd, 863376.918, 108
Trd, 863377.368, 102
Trd, 863377.551, 109
Trd, 863377.734, 96
Trd, 863377.968, 109
Trd, 863378.118, 109
Trd, 863378.184, 107
Trd, 863378.551, 104
Trd, 863378.768, 110
Trd, 863378.968, 101
Trd, 863379.601, 100
Trd, 863379.984, 102
Trd, 863380.018, 109
Trd, 863380.218, 93
Trd, 863380.601, 109
Trd, 863380.618, 91
Trd, 863381.451, 102
Trd, 863381.718, 86
Trd, 863381.768, 87
Trd, 863382.418, 90
Trd, 863382.551, 96
Trd, 863382.951, 110
Trd, 863383.084, 86
Trd, 863383.551, 92
Trd, 863383.718, 93
Trd, 863383.851, 87
Trd, 863384.334, 98
Trd, 863385.434, 86
Trd, 863386.068, 98
Trd, 863386.434, 92
Trd, 863386.601, 91
Trd, 863387.101, 101
Trd, 863387.151, 102
Trd, 863387.334, 103
Trd, 863387.718, 103
Trd, 863388.018, 103
Trd, 863388.034, 106
Trd, 863388.101, 106
Trd, 863388.601, 93
Trd, 863388.751, 105
Trd, 863388.884, 109
Trd, 863389.318, 115
Trd, 863389.601, 115
Trd, 863389.818, 94
Trd, 863390.301, 93
Trd, 863391.251, 88
Trd, 863391.734, 104
Trd, 863391.801, 96
Trd, 863391.884, 104
Trd, 863392.184, 88
Trd, 863392.451, 88
Trd, 863392.568, 93
Trd, 863393.251, 95
Trd, 863393.668, 103
Trd, 863393.701, 106
Trd, 863394.568, 100
Trd, 863394.601, 104
Trd, 863395.334, 101
Trd, 863395.568, 107
Trd, 863395.868, 105
Trd, 863396.718, 104
Trd, 863396.818, 95
Trd, 863397.301, 93
Trd, 863397.551, 96
Trd, 863398.584, 98
Trd, 863398.818, 96
Trd, 863398.868, 94
Trd, 863399.101, 92
Trd, 863399.384, 85
Trd, 863399.484, 106
Trd, 863399.634, 83
Trd, 863399.834, 111
Trd, 863399.868, 113
Trd, 863400.201, 104
Trd, 863400.501, 96
Trd, 863400.568, 82
Trd, 863400.801, 84
Trd, 863401.534, 106
Trd, 863401.634, 107
Trd, 863401.751, 81
Trd, 863401.768, 108
Trd, 863402.118, 110
Trd, 863402.751, 111
Trd, 863403.101, 114
Trd, 863403.284, 97
Trd, 863403.951, 103
Trd, 863404.418, 95
Trd, 863404.968, 95
Trd, 863406.134, 98
Trd, 863406.301, 113
Trd, 863406.518, 93
Trd, 863407.118, 115
Trd, 863407.468, 120
Trd, 863407.984, 107
Trd, 863408.001, 87
Trd, 863408.068, 87
Trd, 863408.251, 91
Trd, 863408.334, 82
Trd, 863408.551, 117
Trd, 863408.734, 87
Trd, 863409.184, 87
Trd, 863409.434, 93
Trd, 863409.751, 86
Trd, 863409.784, 80
Trd, 863409.818, 88
Trd, 863410.034, 76
Trd, 863410.384, 82
Trd, 863410.818, 73
Trd, 863410.851, 84
Trd, 863411.118, 90
Trd, 863412.084, 98
Trd, 863412.234, 106
Trd, 863412.584, 105
Trd, 863413.051, 111
Trd, 863413.501, 92
Trd, 863414.118, 101
Trd, 863414.201, 98
Trd, 863414.868, 99
Trd, 863415.184, 100
Trd, 863415.718, 102
Trd, 863415.851, 100
Trd, 863415.934, 99
Trd, 863416.251, 109
Trd, 863416.334, 112
Trd, 863416.368, 104
Trd, 863417.084, 96
Trd, 863417.118, 98
Trd, 863418.334, 105
Trd, 863418.634, 96
Trd, 863418.951, 109
Trd, 863419.868, 104
Trd, 863419.918, 104
Trd, 863420.234, 105
Trd, 863420.718, 102
Trd, 863421.051, 87
Trd, 863421.168, 101
Trd, 863421.701, 102
Trd, 863421.951, 97
Trd, 863422.201, 96
Trd, 863422.601, 104
Trd, 863423.201, 94
Trd, 863423.301, 106
Trd, 863423.434, 93
Trd, 863424.118, 85
Trd, 863424.201, 84
Trd, 863424.501, 107
Trd, 863425.951, 102
Trd, 863426.034, 102
Trd, 863426.251, 103
Trd, 863426.268, 93
Trd, 863426.468, 103
Trd, 863426.951, 104
Trd, 863427.001, 94
Trd, 863427.434, 93
Trd, 863427.701, 108
Trd, 863427.968, 109
Trd, 863428.001, 89
Trd, 863428.401, 81
Trd, 863428.934, 81
Trd, 863428.968, 88
Trd, 863429.318, 97
Trd, 863429.734, 86
Trd, 863430.101, 76
Trd, 863430.151, 106
Trd, 863430.318, 75
Trd, 863431.784, 95
Trd, 863432.001, 94
Trd, 863432.468, 91
Trd, 863432.868, 95
Trd, 863433.001, 86
Trd, 863433.301, 94
Trd, 863433.368, 96
Trd, 863433.734, 97
Trd, 863433.918, 106
Trd, 863434.068, 87
Trd, 863434.418, 82
Trd, 863434.984, 107
Trd, 863435.601, 109
Trd, 863435.868, 106
Trd, 863436.718, 110
Trd, 863436.851, 110
Trd, 863436.968, 111
Trd, 863437.001, 109
Trd, 863437.084, 109
Trd, 863437.618, 98
Trd, 863437.851, 104
Trd, 863438.268, 93
Trd, 863438.768, 99
Trd, 863439.068, 87
Trd, 863440.151, 84
Trd, 863440.368, 95
Trd, 863441.768, 90
Trd, 863442.068, 93
Trd, 863442.168, 94
Trd, 863442.384, 89
Trd, 863442.618, 83
Trd, 863442.784, 96
Trd, 863443.068, 98
Trd, 863443.201, 103
Trd, 863443.434, 83
Trd, 863443.534, 82
Trd, 863443.584, 106
Trd, 863443.818, 79
Trd, 863444.534, 109
Trd, 863444.634, 109
Trd, 863445.101, 108
Trd, 863445.334, 107
Trd, 863445.518, 112
Trd, 863445.784, 107
Trd, 863446.168, 108
Trd, 863446.251, 109
Trd, 863446.618, 96
Trd, 863446.768, 115
Trd, 863447.084, 92
Trd, 863447.501, 91
Trd, 863447.684, 96
Trd, 863448.401, 106
Trd, 863448.451, 88
Trd, 863449.368, 110
Trd, 863450.451, 111
Trd, 863450.568, 82
Trd, 863451.051, 100
Trd, 863451.134, 98
Trd, 863451.501, 103
Trd, 863452.151, 82
Trd, 863452.268, 88
Trd, 863452.334, 102
Trd, 863452.468, 103
Trd, 863452.518, 87
Trd, 863452.634, 87
Trd, 863452.684, 104
Trd, 863452.734, 112
Trd, 863453.984, 88
Trd, 863454.534, 103
Trd, 863455.168, 91
Trd, 863455.751, 91
Trd, 863455.834, 90
Trd, 863456.034, 85
Trd, 863456.484, 93
Trd, 863456.651, 94
Trd, 863457.118, 79
Trd, 863457.134, 83
Trd, 863457.568, 83
Trd, 863457.718, 96
Trd, 863457.901, 106
Trd, 863458.201, 103
Trd, 863458.551, 104
Trd, 863460.034, 105
Trd, 863460.384, 97
Trd, 863460.551, 99
Trd, 863460.801, 95
Trd, 863461.001, 94
Trd, 863461.451, 104
Trd, 863461.501, 105
Trd, 863461.534, 106
Trd, 863461.734, 115
Trd, 863461.951, 93
Trd, 863462.068, 115
Trd, 863462.701, 105
Trd, 863463.151, 106
Trd, 863463.251, 105
Trd, 863463.634, 104
Trd, 863463.668, 114
Trd, 863463.918, 92
Trd, 863463.951, 89
Trd, 863464.451, 112
Trd, 863464.618, 113
Trd, 863464.851, 109
Trd, 863466.034, 96
Trd, 863466.151, 84
Trd, 863466.384, 102
Trd, 863466.468, 102
Trd, 863466.784, 99
Trd, 863466.984, 93
Trd, 863467.251, 84
Trd, 863467.518, 79
Trd, 863467.651, 103
Trd, 863467.984, 82
Trd, 863468.068, 83
Trd, 863468.684, 101
Trd, 863469.001, 93
Trd, 863469.068, 83
Trd, 863469.801, 102
Trd, 863470.268, 104
Trd, 863471.284, 106
Trd, 863471.568, 103
Trd, 863471.984, 95
Trd, 863472.084, 91
Trd, 863472.151, 90
Trd, 863472.451, 88
Trd, 863472.951, 88
Trd, 863473.151, 89
Trd, 863473.401, 87
Trd, 863473.484, 99
Trd, 863473.684, 100
Trd, 863474.201, 90
Trd, 863474.651, 99
Trd, 863474.901, 85
Trd, 863474.918, 85
Trd, 863475.451, 96
Trd, 863475.584, 97
Trd, 863476.151, 83
Trd, 863476.168, 98
Trd, 863476.368, 100
Trd, 863476.518, 95
Trd, 863477.634, 88
Trd, 863477.868, 101
Trd, 863478.018, 86
Trd, 863478.618, 104
Trd, 863478.784, 105
Trd, 863479.001, 106
Trd, 863479.268, 104
Trd, 863479.918, 102
Trd, 863480.418, 100
Trd, 863480.501, 97
Trd, 863480.701, 101
Trd, 863481.551, 90
Trd, 863482.201, 84
Trd, 863482.451, 90
Trd, 863482.634, 106
Trd, 863482.834, 105
Trd, 863482.968, 106
Trd, 863483.534, 96
Trd, 863484.068, 98
Trd, 863484.368, 105
Trd, 863484.501, 98
Trd, 863484.684, 94
Trd, 863484.718, 106
Trd, 863485.218, 100
Trd, 863486.134, 96
Trd, 863486.318, 103
Trd, 863486.601, 94
Trd, 863486.768, 106
Trd, 863487.118, 105
Trd, 863487.834, 93
Trd, 863488.001, 84
Trd, 863488.268, 105
Trd, 863488.451, 96
Trd, 863488.684, 93
Trd, 863489.118, 103
Trd, 863489.368, 83
Trd, 863489.451, 104
Trd, 863489.801, 82
Trd, 863490.784, 101
Trd, 863491.401, 98
Trd, 863491.551, 100
Trd, 863491.984, 103
Trd, 863492.368, 102
Trd, 863492.418, 104
Trd, 863492.751, 105
Trd, 863492.784, 102
Trd, 863493.068, 106
Trd, 863493.251, 109
Trd, 863493.368, 104
Trd, 863494.168, 104
Trd, 863494.268, 97
Trd, 863494.634, 93
Trd, 863494.684, 93
Trd, 863495.068, 87
Trd, 863495.451, 102
Trd, 863495.518, 103
Trd, 863495.901, 91
Trd, 863496.801, 89
Trd, 863496.834, 83
Trd, 863496.851, 103
Trd, 863497.084, 104
Trd, 863497.101, 106
Trd, 863497.384, 93
Trd, 863497.651, 82
Trd, 863497.718, 106
Trd, 863498.151, 104
Trd, 863498.334, 82
Trd, 863499.534, 95
Trd, 863499.701, 94
Trd, 863499.868, 93
Trd, 863501.234, 101
Trd, 863501.868, 101
Trd, 863502.051, 102
Trd, 863502.284, 93
Trd, 863502.368, 101
Trd, 863502.501, 108
Trd, 863503.534, 95
Trd, 863503.634, 97
Trd, 863503.868, 95
Trd, 863503.951, 94
Trd, 863505.151, 92
Trd, 863505.234, 97
Trd, 863505.251, 83
Trd, 863505.334, 82
Trd, 863505.451, 103
Trd, 863505.784, 95
Trd, 863506.451, 97
Trd, 863506.534, 101
Trd, 863506.634, 105
Trd, 863507.318, 111
Trd, 863507.618, 89
Trd, 863509.001, 99
Trd, 863509.184, 93
Trd, 863509.451, 89
Trd, 863510.334, 98
Trd, 863510.534, 99
Trd, 863510.684, 98
Trd, 863511.184, 95
Trd, 863511.601, 100
Trd, 863511.651, 106
Trd, 863511.818, 92
Trd, 863512.134, 79
Trd, 863512.184, 110
Trd, 863512.651, 103
Trd, 863512.734, 88
Trd, 863512.884, 103
Trd, 863513.118, 89
Trd, 863513.184, 104
Trd, 863513.768, 90
Trd, 863513.984, 87
Trd, 863514.001, 114
Trd, 863514.901, 87
Trd, 863515.468, 83
Trd, 863515.768, 82
Trd, 863516.118, 107
Trd, 863516.234, 79
Trd, 863516.518, 108
Trd, 863516.918, 104
Trd, 863517.101, 99
Trd, 863517.234, 115
Trd, 863517.901, 97
Trd, 863518.051, 108
Trd, 863518.251, 107
Trd, 863518.268, 96
Trd, 863518.901, 93
Trd, 863518.918, 85
Trd, 863519.468, 110
Trd, 863519.551, 110
Trd, 863519.801, 95
Trd, 863520.451, 87
Trd, 863521.151, 107
Trd, 863521.434, 109
Trd, 863521.768, 108
Trd, 863522.218, 94
Trd, 863522.551, 94
Trd, 863522.618, 93
Trd, 863522.751, 95
Trd, 863522.784, 94
Trd, 863522.984, 105
Trd, 863523.134, 82
Trd, 863523.518, 107
Trd, 863523.534, 79
Trd, 863524.784, 104
Trd, 863525.701, 100
Trd, 863525.784, 92
Trd, 863525.984, 102
Trd, 863526.368, 91
Trd, 863526.434, 104
Trd, 863527.018, 91
Trd, 863527.151, 105
Trd, 863527.401, 104
Trd, 863527.734, 91
Trd, 863527.868, 104
Trd, 863528.001, 91
Trd, 863528.068, 87
Trd, 863528.334, 105
Trd, 863528.568, 81
Trd, 863528.968, 92
Trd, 863529.584, 94
Trd, 863529.818, 85
Trd, 863529.884, 82
Trd, 863529.951, 79
Trd, 863530.134, 76
Trd, 863531.784, 96
Trd, 863532.001, 95
Trd, 863532.168, 93
Trd, 863532.334, 88
Trd, 863532.651, 94
Trd, 863533.451, 88
Trd, 863533.801, 93
Trd, 863533.851, 96
Trd, 863533.934, 98
Trd, 863534.784, 103
Trd, 863534.968, 103
Trd, 863535.051, 104
Trd, 863535.334, 111
Trd, 863535.368, 103
Trd, 863535.584, 104
Trd, 863535.751, 104
Trd, 863535.768, 82
Trd, 863535.934, 79
Trd, 863536.251, 95
Trd, 863536.351, 95
Trd, 863537.084, 106
Trd, 863537.734, 95
Trd, 863537.851, 94
Trd, 863538.084, 114
Trd, 863538.234, 110
Trd, 863538.368, 109
Trd, 863539.134, 114
Trd, 863539.584, 95
Trd, 863539.734, 93
Trd, 863539.834, 113
Trd, 863540.201, 109
Trd, 863540.451, 113
Trd, 863541.151, 87
Trd, 863541.668, 85
Trd, 863541.684, 102
Trd, 863541.718, 82
Trd, 863542.034, 86
Trd, 863542.501, 95
Trd, 863542.601, 100
Trd, 863543.168, 101
Trd, 863543.851, 95
Trd, 863544.384, 101
Trd, 863544.718, 96
Trd, 863544.784, 100
Trd, 863545.084, 101
Trd, 863545.584, 100
Trd, 863545.851, 97
Trd, 863546.734, 94
Trd, 863546.868, 91
Trd, 863547.051, 93
Trd, 863547.518, 97
Trd, 863547.534, 103
Trd, 863547.884, 90
Trd, 863548.151, 106
Trd, 863548.501, 89
Trd, 863548.634, 111
Trd, 863548.934, 112
Trd, 863549.351, 89
Trd, 863549.818, 92
Trd, 863549.901, 91
Trd, 863551.884, 91
Trd, 863551.918, 94
Trd, 863551.968, 90
Trd, 863552.084, 97
Trd, 863552.101, 97
Trd, 863552.218, 98
Trd, 863552.884, 81
Trd, 863553.168, 80
Trd, 863553.484, 98
Trd, 863553.634, 94
Trd, 863553.834, 99
Trd, 863553.901, 100
Trd, 863553.968, 105
Trd, 863555.068, 95
Trd, 863555.334, 93
Trd, 863555.568, 104
Trd, 863556.951, 92
Trd, 863557.134, 104
Trd, 863557.751, 91
Trd, 863557.768, 95
Trd, 863557.784, 86
Trd, 863558.434, 101
Trd, 863558.534, 100
Trd, 863558.951, 88
Trd, 863558.984, 100
Trd, 863559.018, 82
Trd, 863559.534, 80
Trd, 863559.668, 104
Trd, 863559.818, 86
Trd, 863559.934, 79
Trd, 863560.551, 103
Trd, 863560.784, 99
Trd, 863561.018, 100
Trd, 863561.218, 106
Trd, 863561.618, 104
Trd, 863562.134, 105
Trd, 863562.334, 98
Trd, 863563.018, 110
Trd, 863563.218, 109
Trd, 863563.468, 93
Trd, 863563.651, 86
Trd, 863564.418, 92
Trd, 863564.668, 104
Trd, 863564.901, 87
Trd, 863564.984, 105
Trd, 863565.168, 85
Trd, 863565.784, 94
Trd, 863566.051, 97
Trd, 863566.851, 101
Trd, 863566.934, 102
Trd, 863567.068, 112
Trd, 863567.101, 114
Trd, 863567.484, 109
Trd, 863567.718, 100
Trd, 863569.051, 103
Trd, 863569.918, 97
Trd, 863571.368, 92
Trd, 863572.401, 92
Trd, 863572.484, 89
Trd, 863573.134, 93
Trd, 863573.468, 91
Trd, 863573.484, 93
Trd, 863573.651, 98
Trd, 863573.784, 98
Trd, 863573.968, 106
Trd, 863574.084, 88
Trd, 863574.434, 95
Trd, 863574.684, 95
Trd, 863574.918, 105
Trd, 863574.984, 103
Trd, 863575.668, 96
Trd, 863576.034, 98
Trd, 863576.184, 96
Trd, 863576.801, 103
Trd, 863577.018, 96
Trd, 863577.384, 103
Trd, 863577.518, 96
Trd, 863577.934, 103
Trd, 863578.251, 98
Trd, 863578.268, 104
Trd, 863578.384, 94
Trd, 863578.418, 93
Trd, 863578.518, 106
Trd, 863578.634, 87
Trd, 863579.018, 102
Trd, 863580.101, 105
Trd, 863581.218, 104
Trd, 863581.468, 97
Trd, 863581.918, 91
Trd, 863582.201, 104
Trd, 863582.251, 105
Trd, 863582.601, 106
Trd, 863583.001, 97
Trd, 863583.151, 96
Trd, 863583.251, 104
Trd, 863583.318, 86
Trd, 863583.451, 82
Trd, 863583.784, 104
Trd, 863583.951, 105
Trd, 863584.001, 86
Trd, 863584.334, 109
Trd, 863584.468, 82
Trd, 863585.201, 80
Trd, 863586.184, 107
Trd, 863586.984, 107
Trd, 863587.168, 108
Trd, 863587.401, 107
Trd, 863587.584, 109
Trd, 863587.668, 104
Trd, 863588.068, 98
Trd, 863588.134, 107
Trd, 863588.568, 107
Trd, 863589.018, 105
Trd, 863589.184, 106
Trd, 863589.284, 104
Trd, 863589.951, 96
Trd, 863590.201, 95
Trd, 863590.501, 94
Trd, 863590.918, 105
Trd, 863591.184, 105
Trd, 863591.751, 104
Trd, 863592.201, 106
Trd, 863592.701, 95
Trd, 863593.118, 91
Trd, 863593.351, 93
Trd, 863593.534, 105
Trd, 863593.834, 90
Trd, 863593.884, 86
Trd, 863593.934, 106
Trd, 863593.968, 109
Trd, 863594.634, 112
Trd, 863594.918, 95
Trd, 863595.018, 103
Trd, 863595.201, 109
Trd, 863595.401, 91
Trd, 863595.584, 94
Trd, 863596.551, 91
Trd, 863596.901, 91
Trd, 863596.968, 112
Trd, 863597.901, 105
Trd, 863598.568, 104
Trd, 863598.901, 87
Trd, 863598.951, 103
Trd, 863599.518, 101
Trd, 863599.968, 104
Trd, 863600.201, 95
Trd, 863600.251, 106
Trd, 863600.534, 105
Trd, 863601.101, 106
Trd, 863601.134, 92
Trd, 863601.534, 94
Trd, 863601.684, 95
Trd, 863601.818, 98
Trd, 863602.668, 96
Trd, 863602.684, 93
Trd, 863602.834, 89
Trd, 863603.268, 83
Trd, 863603.501, 83
Trd, 863604.484, 97
Trd, 863604.651, 84
Trd, 863605.151, 98
Trd, 863605.284, 106
Trd, 863605.668, 92
Trd, 863606.018, 104
Trd, 863606.118, 108
Trd, 863606.434, 103
Trd, 863606.501, 88
Trd, 863606.534, 111
Trd, 863606.584, 89
Trd, 863607.568, 89
Trd, 863608.218, 106
Trd, 863608.518, 105
Trd, 863608.818, 89
Trd, 863608.901, 86
Trd, 863609.484, 87
Trd, 863609.834, 96
Trd, 863609.918, 85
Trd, 863610.251, 97
Trd, 863610.618, 83
Trd, 863610.901, 82
Trd, 863611.034, 82
Trd, 863612.384, 95
Trd, 863612.734, 97
Trd, 863612.884, 95
Trd, 863613.051, 98
Trd, 863613.451, 106
Trd, 863613.601, 94
Trd, 863613.784, 93
Trd, 863613.934, 98
Trd, 863614.768, 102
Trd, 863615.634, 110
Trd, 863615.984, 109
Trd, 863616.251, 91
Trd, 863617.368, 106
Trd, 863617.451, 90
Trd, 863618.051, 105
Trd, 863618.234, 93
Trd, 863618.351, 106
Trd, 863618.451, 107
Trd, 863618.768, 112
Trd, 863618.918, 90
Trd, 863619.184, 99
Trd, 863619.201, 84
Trd, 863619.401, 82
Trd, 863619.718, 93
Trd, 863619.768, 86
Trd, 863620.268, 83
Trd, 863620.284, 81
Trd, 863620.584, 96
Trd, 863620.701, 82
Trd, 863621.068, 108
Trd, 863621.434, 79
Trd, 863621.651, 109
Trd, 863621.751, 71
Trd, 863621.884, 112
Trd, 863622.018, 111
Trd, 863622.251, 93
Trd, 863622.268, 92
Trd, 863622.301, 114
Trd, 863622.884, 109
Trd, 863624.951, 94
Trd, 863625.851, 105
Trd, 863625.868, 94
Trd, 863626.768, 104
Trd, 863627.334, 93
Trd, 863627.434, 103
Trd, 863628.201, 95
Trd, 863628.268, 98
Trd, 863628.318, 101
Trd, 863628.334, 102
Trd, 863628.534, 93
Trd, 863628.601, 92
Trd, 863628.618, 106
Trd, 863628.701, 87
Trd, 863628.751, 83
Trd, 863629.534, 98
Trd, 863630.384, 91
Trd, 863630.818, 92
Trd, 863630.868, 90
Trd, 863631.168, 106
Trd, 863631.268, 102
Trd, 863631.534, 88
Trd, 863631.751, 107
Trd, 863632.401, 95
Trd, 863632.451, 93
Trd, 863632.768, 95
Trd, 863632.851, 91
Trd, 863633.001, 95
Trd, 863633.184, 82
Trd, 863634.368, 107
Trd, 863634.501, 103
Trd, 863634.518, 92
Trd, 863634.701, 111
Trd, 863635.201, 92
Trd, 863635.701, 102
Trd, 863636.668, 103
Trd, 863636.984, 99
Trd, 863637.251, 98
Trd, 863637.868, 103
Trd, 863638.051, 93
Trd, 863638.284, 104
Trd, 863638.734, 83
Trd, 863638.918, 84
Trd, 863639.184, 82
Trd, 863639.368, 87
Trd, 863639.734, 106
Trd, 863641.201, 105
Trd, 863641.368, 103
Trd, 863641.568, 94
Trd, 863641.584, 92
Trd, 863641.751, 90
Trd, 863641.984, 90
Trd, 863642.318, 102
Trd, 863642.468, 103
Trd, 863643.184, 81
Trd, 863643.518, 108
Trd, 863643.818, 102
Trd, 863643.851, 109
Trd, 863645.201, 92
Trd, 863645.418, 97
Trd, 863646.034, 93
Trd, 863646.418, 98
Trd, 863646.518, 102
Trd, 863646.684, 103
Trd, 863646.901, 104
Trd, 863647.084, 92
Trd, 863647.451, 104
Trd, 863647.801, 105
Trd, 863648.134, 88
Trd, 863648.768, 104
Trd, 863648.851, 86
Trd, 863648.934, 105
Trd, 863649.018, 85
Trd, 863649.651, 83
Trd, 863649.701, 82
Trd, 863649.984, 96
Trd, 863650.918, 104
Trd, 863650.934, 105
Trd, 863651.634, 86
Trd, 863651.668, 106
Trd, 863651.734, 85
Trd, 863652.368, 102
Trd, 863652.418, 94
Trd, 863652.734, 99
Trd, 863652.934, 96
Trd, 863652.951, 95
Trd, 863653.034, 106
Trd, 863653.151, 93
Trd, 863654.368, 104
Trd, 863654.884, 115
Trd, 863655.034, 115
Trd, 863656.168, 106
Trd, 863656.401, 105
Trd, 863656.418, 104
Trd, 863656.634, 102
Trd, 863656.868, 108
Trd, 863657.784, 90
Trd, 863657.934, 89
Trd, 863658.034, 88
Trd, 863658.651, 83
Trd, 863658.884, 91
Trd, 863659.318, 91
Trd, 863659.401, 89
Trd, 863659.934, 97
Trd, 863660.168, 106
Trd, 863660.384, 100
Trd, 863660.818, 106
Trd, 863661.168, 103
Trd, 863661.318, 106
Trd, 863662.151, 112
Trd, 863662.534, 97
Trd, 863662.901, 105
Trd, 863663.051, 94
Trd, 863663.718, 102
Trd, 863663.751, 98
Trd, 863664.401, 82
Trd, 863664.634, 98
Trd, 863664.868, 99
Trd, 863665.001, 93
Trd, 863665.134, 104
Trd, 863665.301, 97
Trd, 863665.601, 106
Trd, 863666.534, 101
Trd, 863667.034, 102
Trd, 863667.168, 115
Trd, 863667.334, 111
Trd, 863668.051, 96
Trd, 863668.301, 95
Trd, 863668.401, 94
Trd, 863668.551, 92
Trd, 863668.951, 91
Trd, 863668.984, 88
Trd, 863669.151, 99
Trd, 863669.168, 85
Trd, 863669.284, 81
Trd, 863669.768, 97
Trd, 863670.418, 97
Trd, 863670.518, 80
Trd, 863670.684, 79
Trd, 863671.001, 97
Trd, 863671.401, 82
Trd, 863671.568, 98
Trd, 863672.634, 105
Trd, 863673.001, 106
Trd, 863673.084, 114
Trd, 863673.184, 113
Trd, 863673.434, 104
Trd, 863673.551, 91
Trd, 863674.034, 113
Trd, 863674.168, 114
Trd, 863674.434, 114
Trd, 863674.684, 100
Trd, 863676.151, 105
Trd, 863676.384, 113
Trd, 863676.601, 114
Trd, 863677.351, 95
Trd, 863677.618, 94
Trd, 863677.718, 94
Trd, 863677.734, 95
Trd, 863678.284, 85
Trd, 863678.618, 100
Trd, 863678.651, 99
Trd, 863678.718, 103
Trd, 863678.901, 108
Trd, 863679.568, 87
Trd, 863679.651, 86
Trd, 863679.901, 96
Trd, 863680.068, 93
Trd, 863680.218, 97
Trd, 863680.501, 98
Trd, 863680.684, 86
Trd, 863681.001, 82
Trd, 863681.401, 96
Trd, 863681.584, 105
Trd, 863681.618, 104
Trd, 863682.084, 106
Trd, 863682.868, 106
Trd, 863684.284, 95
Trd, 863684.401, 103
Trd, 863684.668, 96
Trd, 863685.318, 92
Trd, 863685.818, 92
Trd, 863686.451, 93
Trd, 863686.468, 94
Trd, 863686.584, 95
Trd, 863686.684, 103
Trd, 863686.701, 105
Trd, 863687.401, 104
Trd, 863688.018, 110
Trd, 863688.584, 85
Trd, 863688.634, 79
Trd, 863688.801, 79
Trd, 863689.051, 93
Trd, 863689.151, 94
Trd, 863689.184, 85
Trd, 863691.451, 91
Trd, 863691.868, 101
Trd, 863692.034, 91
Trd, 863692.168, 101
Trd, 863692.184, 102
Trd, 863692.718, 95
Trd, 863692.934, 90
Trd, 863693.251, 105
Trd, 863693.484, 86
Trd, 863693.934, 85
Trd, 863694.218, 81
Trd, 863694.301, 104
Trd, 863694.451, 106
Trd, 863694.801, 83
Trd, 863695.684, 97
Trd, 863695.818, 98
Trd, 863696.834, 103
Trd, 863696.984, 99
Trd, 863697.034, 98
Trd, 863697.218, 104
Trd, 863697.884, 92
Trd, 863698.034, 86
Trd, 863698.501, 90
Trd, 863698.768, 85
Trd, 863699.184, 88
Trd, 863699.234, 95
Trd, 863699.768, 106
Trd, 863700.334, 95
Trd, 863700.868, 94
Trd, 863701.051, 93
Trd, 863701.484, 100
Trd, 863701.501, 91
Trd, 863702.384, 90
Trd, 863702.484, 93
Trd, 863702.868, 96
Trd, 863702.968, 89
Trd, 863703.068, 93
Trd, 863703.501, 97
Trd, 863703.768, 95
Trd, 863704.634, 98
Trd, 863704.751, 85
Trd, 863705.201, 106
Trd, 863705.501, 106
Trd, 863705.768, 109
Trd, 863706.468, 104
Trd, 863706.668, 99
Trd, 863707.068, 98
Trd, 863707.634, 103
Trd, 863707.801, 89
Trd, 863708.784, 93
Trd, 863708.984, 102
Trd, 863709.284, 102
Trd, 863709.351, 97
Trd, 863709.784, 93
Trd, 863709.984, 92
Trd, 863710.034, 100
Trd, 863710.334, 100
Trd, 863710.384, 89
Trd, 863710.551, 88
Trd, 863711.051, 89
Trd, 863711.868, 102
Trd, 863711.934, 103
Trd, 863712.084, 89
Trd, 863712.701, 89
Trd, 863713.068, 106
Trd, 863713.218, 82
Trd, 863713.518, 98
Trd, 863713.601, 86
Trd, 863714.184, 82
Trd, 863714.568, 79
Trd, 863715.251, 90
Trd, 863715.551, 107
Trd, 863715.934, 107
Trd, 863716.218, 104
Trd, 863716.251, 107
Trd, 863716.334, 85
Trd, 863716.784, 89
Trd, 863717.601, 108
Trd, 863717.851, 108
Trd, 863718.568, 83
Trd, 863719.034, 86
Trd, 863719.501, 93
Trd, 863719.551, 98
Trd, 863719.718, 92
Trd, 863719.918, 95
Trd, 863720.151, 106
Trd, 863720.734, 110
Trd, 863720.901, 114
Trd, 863720.984, 89
Trd, 863721.068, 104
Trd, 863721.084, 121
Trd, 863721.734, 82
Trd, 863722.818, 96
Trd, 863722.834, 96
Trd, 863723.768, 94
Trd, 863724.168, 99
Trd, 863724.818, 99
Trd, 863725.301, 100
Trd, 863725.651, 101
Trd, 863726.201, 102
Trd, 863726.334, 106
Trd, 863726.618, 102
Trd, 863726.668, 114
Trd, 863726.701, 100
Trd, 863726.751, 115
Trd, 863727.118, 115
Trd, 863728.151, 92
Trd, 863728.201, 109
Trd, 863729.218, 94
Trd, 863729.234, 98
Trd, 863730.034, 98
Trd, 863730.051, 93
Trd, 863730.384, 93
Trd, 863730.451, 104
Trd, 863731.218, 101
Trd, 863731.818, 103
Trd, 863731.851, 105
Trd, 863732.001, 97
Trd, 863732.384, 89
Trd, 863732.451, 84
Trd, 863732.534, 82
Trd, 863732.601, 104
Trd, 863733.018, 105
Trd, 863733.268, 83
Trd, 863733.301, 80
Trd, 863733.318, 105
Trd, 863735.401, 101
Trd, 863735.418, 102
Trd, 863736.001, 100
Trd, 863736.018, 98
Trd, 863736.401, 97
Trd, 863737.084, 101
Trd, 863737.134, 106
Trd, 863738.134, 105
Trd, 863738.651, 99
Trd, 863739.101, 103
Trd, 863739.218, 92
Trd, 863739.384, 91
Trd, 863739.418, 85
Trd, 863740.084, 98
Trd, 863740.184, 104
Trd, 863740.218, 91
Trd, 863740.301, 84
Trd, 863740.434, 82
Trd, 863740.568, 95
Trd, 863740.601, 109
Trd, 863741.168, 90
Trd, 863742.084, 97
Trd, 863742.168, 108
Trd, 863742.668, 104
Trd, 863743.051, 103
Trd, 863743.118, 107
Trd, 863743.518, 108
Trd, 863743.934, 106
Trd, 863743.984, 107
Trd, 863744.451, 87
Trd, 863744.834, 106
Trd, 863745.301, 104
Trd, 863745.368, 85
Trd, 863745.484, 108
Trd, 863745.534, 84
Trd, 863746.184, 112
Trd, 863746.751, 94
Trd, 863747.018, 108
Trd, 863747.284, 109
Trd, 863747.601, 96
Trd, 863747.901, 93
Trd, 863748.334, 96
Trd, 863748.684, 87
Trd, 863749.284, 100
Trd, 863749.551, 83
Trd, 863749.601, 84
Trd, 863749.684, 99
Trd, 863750.734, 102
Trd, 863750.868, 85
Trd, 863750.918, 81
Trd, 863751.468, 100
Trd, 863751.634, 102
Trd, 863751.668, 91
Trd, 863752.418, 91
Trd, 863752.484, 90
Trd, 863752.668, 106
Trd, 863753.868, 104
Trd, 863753.968, 104
Trd, 863754.418, 96
Trd, 863754.518, 101
Trd, 863754.851, 101
Trd, 863756.034, 105
Trd, 863756.418, 95
Trd, 863756.634, 96
Trd, 863756.834, 96
Trd, 863756.951, 109
Trd, 863757.684, 104
Trd, 863758.318, 96
Trd, 863758.568, 94
Trd, 863758.601, 112
Trd, 863758.668, 94
Trd, 863759.518, 93
Trd, 863760.084, 104
Trd, 863760.401, 86
Trd, 863760.601, 90
Trd, 863760.718, 99
Trd, 863761.751, 103
Trd, 863761.984, 97
Trd, 863762.184, 96
Trd, 863762.484, 103
Trd, 863762.968, 95
Trd, 863762.984, 105
Trd, 863763.334, 89
Trd, 863763.568, 113
Trd, 863763.868, 114
Trd, 863764.018, 87
Trd, 863764.301, 82
Trd, 863764.401, 79
Trd, 863764.751, 111
Trd, 863765.034, 114
Trd, 863765.584, 105
Trd, 863765.601, 104
Trd, 863765.868, 92
Trd, 863766.734, 109
Trd, 863766.851, 94
Trd, 863766.868, 93
Trd, 863766.918, 101
Trd, 863767.651, 105
Trd, 863767.684, 106
Trd, 863768.101, 104
Trd, 863768.384, 103
Trd, 863769.401, 102
Trd, 863769.584, 103
Trd, 863770.151, 96
Trd, 863770.851, 97
Trd, 863770.968, 101
Trd, 863771.418, 104
Trd, 863771.834, 95
Trd, 863772.051, 104
Trd, 863772.718, 106
Trd, 863773.401, 97
Trd, 863773.551, 113
Trd, 863773.901, 93
Trd, 863774.151, 102
Trd, 863774.384, 101
Trd, 863774.501, 88
Trd, 863774.968, 95
Trd, 863775.701, 101
Trd, 863776.184, 106
Trd, 863776.201, 90
Trd, 863777.118, 105
Trd, 863777.351, 106
Trd, 863777.368, 82
Trd, 863777.968, 107
Trd, 863778.834, 95
Trd, 863779.018, 93
Trd, 863779.051, 106
Trd, 863779.151, 83
Trd, 863779.951, 94
Trd, 863780.001, 99
Trd, 863780.318, 101
Trd, 863780.984, 95
Trd, 863781.451, 97
Trd, 863781.484, 94
Trd, 863781.884, 97
Trd, 863782.134, 98
Trd, 863782.151, 108
Trd, 863782.518, 83
Trd, 863783.101, 103
Trd, 863783.234, 85
Trd, 863783.518, 92
Trd, 863783.751, 84
Trd, 863783.868, 83
Trd, 863784.618, 109
Trd, 863784.701, 109
Trd, 863784.818, 80
Trd, 863784.984, 79
Trd, 863785.334, 106
Trd, 863785.534, 104
Trd, 863785.718, 93
Trd, 863786.018, 82
Trd, 863786.568, 84
Trd, 863787.268, 84
Trd, 863788.184, 99
Trd, 863788.368, 99
Trd, 863788.484, 87
Trd, 863788.818, 84
Trd, 863789.151, 100
Trd, 863789.368, 95
Trd, 863789.951, 100
Trd, 863789.984, 84
Trd, 863790.001, 101
Trd, 863790.418, 106
Trd, 863790.484, 106
Trd, 863790.568, 104
Trd, 863791.068, 111
Trd, 863791.568, 79
Trd, 863791.901, 106
Trd, 863791.984, 80
Trd, 863792.284, 76
Trd, 863793.018, 84
Trd, 863793.134, 104
Trd, 863793.151, 105
Trd, 863794.084, 85
Trd, 863794.384, 87
Trd, 863794.651, 102
Trd, 863794.701, 84
Trd, 863794.768, 102
Trd, 863795.268, 95
Trd, 863795.501, 96
Trd, 863796.418, 96
Trd, 863797.001, 96
Trd, 863797.384, 98
Trd, 863797.568, 96
Trd, 863797.734, 95
Trd, 863797.784, 94
Trd, 863797.818, 93
Trd, 863798.351, 103
Trd, 863798.684, 88
Trd, 863799.334, 102
Trd, 863799.468, 104
Trd, 863799.534, 86
Trd, 863799.701, 82
Trd, 863799.734, 104
Trd, 863800.618, 96
Trd, 863800.901, 104
Trd, 863801.034, 104
Trd, 863801.384, 91
Trd, 863801.451, 102
Trd, 863802.001, 101
Trd, 863802.434, 90
Trd, 863802.451, 87
Trd, 863802.534, 87
Trd, 863803.334, 93
Trd, 863803.401, 94
Trd, 863803.618, 98
Trd, 863804.351, 83
Trd, 863804.368, 96
Trd, 863804.818, 98
Trd, 863805.651, 91
Trd, 863805.768, 106
Trd, 863805.934, 103
Trd, 863806.384, 105
Trd, 863806.418, 104
Trd, 863806.451, 106
Trd, 863806.751, 90
Trd, 863806.801, 89
Trd, 863807.151, 110
Trd, 863807.368, 112
Trd, 863807.668, 93
Trd, 863807.918, 106
Trd, 863808.168, 101
Trd, 863808.984, 109
Trd, 863809.401, 103
Trd, 863810.401, 93
Trd, 863810.584, 101
Trd, 863811.284, 95
Trd, 863812.234, 98
Trd, 863812.468, 100
Trd, 863812.551, 103
Trd, 863812.634, 106
Trd, 863812.668, 97
Trd, 863812.934, 95
Trd, 863812.968, 94
Trd, 863813.434, 114
Trd, 863813.918, 113
Trd, 863814.334, 112
Trd, 863814.651, 107
Trd, 863814.901, 110
Trd, 863814.934, 104
Trd, 863815.651, 96
Trd, 863815.968, 98
Trd, 863815.984, 110
Trd, 863816.101, 110
Trd, 863816.468, 95
Trd, 863817.218, 93
Trd, 863817.318, 87
Trd, 863818.301, 97
Trd, 863818.718, 89
Trd, 863819.268, 94
Trd, 863819.334, 96
Trd, 863819.601, 97
Trd, 863819.801, 94
Trd, 863820.151, 94
Trd, 863820.351, 105
Trd, 863820.501, 106
Trd, 863820.718, 82
Trd, 863820.868, 83
Trd, 863820.918, 98
Trd, 863821.034, 79
Trd, 863821.351, 102
Trd, 863821.368, 104
Trd, 863821.851, 102
Trd, 863822.268, 112
Trd, 863822.451, 93
Trd, 863822.501, 87
Trd, 863822.618, 113
Trd, 863822.651, 114
Trd, 863822.784, 86
Trd, 863824.768, 101
Trd, 863824.834, 98
Trd, 863825.418, 104
Trd, 863825.501, 105
Trd, 863825.551, 108
Trd, 863825.784, 88
Trd, 863826.234, 82
Trd, 863826.434, 106
Trd, 863827.384, 95
Trd, 863827.634, 95
Trd, 863827.818, 96
Trd, 863828.084, 102
Trd, 863828.301, 95
Trd, 863828.401, 104
Trd, 863828.768, 87
Trd, 863828.818, 88
Trd, 863828.918, 89
Trd, 863829.434, 86
Trd, 863829.918, 104
Trd, 863830.684, 95
Trd, 863831.368, 102
Trd, 863831.684, 101
Trd, 863832.201, 101
Trd, 863832.451, 95
Trd, 863832.618, 94
Trd, 863832.851, 101
Trd, 863833.118, 106
Trd, 863833.368, 92
Trd, 863833.501, 112
Trd, 863833.684, 86
Trd, 863834.818, 104
Trd, 863835.018, 92
Trd, 863835.301, 100
Trd, 863835.951, 91
Trd, 863836.768, 98
Trd, 863836.901, 92
Trd, 863837.601, 96
Trd, 863837.668, 103
Trd, 863838.068, 106
Trd, 863838.601, 97
Trd, 863838.834, 100
Trd, 863839.034, 99
Trd, 863839.151, 96
Trd, 863839.318, 99
Trd, 863839.818, 98
Trd, 863840.101, 98
Trd, 863840.201, 99
Trd, 863840.318, 93
Trd, 863840.468, 91
Trd, 863840.684, 102
Trd, 863841.301, 100
Trd, 863841.351, 103
Trd, 863841.551, 103
Trd, 863841.834, 90
Trd, 863842.301, 106
Trd, 863843.418, 105
Trd, 863843.984, 85
Trd, 863844.351, 104
Trd, 863844.451, 85
Trd, 863845.018, 107
Trd, 863845.218, 115
Trd, 863845.484, 93
Trd, 863846.001, 95
Trd, 863846.068, 105
Trd, 863846.934, 110
Trd, 863847.084, 109
Trd, 863847.434, 109
Trd, 863847.601, 108
Trd, 863848.001, 104
Trd, 863848.551, 106
Trd, 863848.668, 106
Trd, 863849.084, 92
Trd, 863849.168, 84
Trd, 863849.801, 87
Trd, 863850.018, 98
Trd, 863850.068, 115
Trd, 863850.284, 83
Trd, 863850.684, 108
Trd, 863850.918, 104
Trd, 863851.368, 91
Trd, 863851.568, 91
Trd, 863851.784, 108
Trd, 863851.901, 90
Trd, 863851.951, 109
Trd, 863852.868, 90
Trd, 863853.151, 108
Trd, 863853.184, 109
Trd, 863854.184, 82
Trd, 863854.568, 92
Trd, 863854.618, 99
Trd, 863855.468, 89
Trd, 863855.534, 92
Trd, 863855.818, 100
Trd, 863856.068, 99
Trd, 863856.318, 102
Trd, 863856.551, 90
Trd, 863856.584, 101
Trd, 863856.634, 97
Trd, 863857.284, 87
Trd, 863857.484, 103
Trd, 863857.568, 82
Trd, 863857.951, 104
Trd, 863858.734, 89
Trd, 863859.284, 104
Trd, 863860.884, 106
Trd, 863861.351, 104
Trd, 863861.584, 101
Trd, 863861.651, 106
Trd, 863861.918, 102
Trd, 863862.084, 109
Trd, 863862.484, 101
Trd, 863863.168, 103
Trd, 863863.468, 101
Trd, 863864.134, 93
Trd, 863864.484, 88
Trd, 863864.584, 100
Trd, 863864.901, 100
Trd, 863865.201, 101
Trd, 863865.334, 103
Trd, 863865.668, 104
Trd, 863866.584, 106
Trd, 863866.751, 108
Trd, 863867.268, 96
Trd, 863867.834, 100
Trd, 863867.884, 95
Trd, 863868.101, 96
Trd, 863868.251, 94
Trd, 863869.051, 100
Trd, 863869.168, 92
Trd, 863869.268, 91
Trd, 863869.284, 101
Trd, 863869.751, 99
Trd, 863870.151, 105
Trd, 863870.168, 87
Trd, 863870.201, 106
Trd, 863870.434, 86
Trd, 863870.834, 108
Trd, 863870.934, 109
Trd, 863871.084, 111
Trd, 863871.501, 110
Trd, 863871.834, 112
Trd, 863871.984, 104
Trd, 863873.201, 92
Trd, 863873.418, 92
Trd, 863873.784, 95
Trd, 863875.418, 96
Trd, 863875.734, 92
Trd, 863875.768, 92
Trd, 863876.051, 99
Trd, 863876.268, 91
Trd, 863877.018, 91
Trd, 863877.568, 102
Trd, 863877.618, 102
Trd, 863877.918, 102
Trd, 863878.318, 97
Trd, 863878.618, 96
Trd, 863879.068, 97
Trd, 863879.518, 98
Trd, 863879.601, 104
Trd, 863880.984, 91
Trd, 863881.134, 100
Trd, 863881.184, 101
Trd, 863881.334, 94
Trd, 863881.784, 93
Trd, 863882.051, 86
Trd, 863882.434, 81
Trd, 863882.568, 105
Trd, 863882.584, 106
Trd, 863883.268, 93
Trd, 863883.418, 103
Trd, 863884.118, 86
Trd, 863885.184, 98
Trd, 863885.334, 102
Trd, 863885.368, 91
Trd, 863885.701, 103
Trd, 863885.768, 90
Trd, 863886.918, 105
Trd, 863887.084, 106
Trd, 863887.251, 107
Trd, 863887.501, 106
Trd, 863887.584, 108
Trd, 863888.618, 110
Trd, 863888.768, 110
Trd, 863888.984, 107
Trd, 863889.401, 107
Trd, 863889.434, 106
Trd, 863889.634, 93
Trd, 863889.818, 103
Trd, 863890.001, 93
Trd, 863890.201, 89
Trd, 863890.334, 88
Trd, 863890.501, 108
Trd, 863890.668, 115
Trd, 863890.701, 119
Trd, 863891.151, 90
Trd, 863891.734, 118
Trd, 863892.934, 116
Trd, 863893.084, 100
Trd, 863893.184, 93
Trd, 863893.234, 115
Trd, 863893.518, 83
Trd, 863893.601, 82
Trd, 863893.868, 115
Trd, 863894.601, 107
Trd, 863894.684, 104
Trd, 863895.418, 108
Trd, 863896.151, 93
Trd, 863896.551, 93
Trd, 863896.718, 104
Trd, 863896.751, 91
Trd, 863896.784, 89
Trd, 863896.884, 105
Trd, 863897.134, 93
Trd, 863897.551, 93
Trd, 863897.884, 84
Trd, 863898.068, 92
Trd, 863898.218, 93
Trd, 863898.451, 97
Trd, 863898.651, 82
Trd, 863898.784, 101
Trd, 863900.768, 104
Trd, 863901.184, 106
Trd, 863901.334, 104
Trd, 863902.101, 97
Trd, 863902.584, 93
Trd, 863902.618, 103
Trd, 863902.901, 92
Trd, 863903.284, 91
Trd, 863903.651, 93
Trd, 863903.901, 100
Trd, 863904.768, 77
Trd, 863904.784, 100
Trd, 863905.368, 102
Trd, 863905.651, 98
Trd, 863905.868, 98
Trd, 863905.968, 87
Trd, 863906.418, 100
Trd, 863906.668, 97
Trd, 863906.851, 94
Trd, 863907.318, 104
Trd, 863907.384, 105
Trd, 863907.484, 95
Trd, 863907.601, 93
Trd, 863908.034, 105
Trd, 863908.101, 105
Trd, 863908.634, 101
Trd, 863908.701, 88
Trd, 863908.718, 81
Trd, 863909.201, 81
Trd, 863909.468, 82
Trd, 863909.851, 85
Trd, 863910.668, 109
Trd, 863911.401, 109
Trd, 863911.468, 111
Trd, 863911.784, 110
Trd, 863912.718, 102
Trd, 863912.801, 91
Trd, 863913.468, 106
Trd, 863913.718, 103
Trd, 863913.751, 92
Trd, 863914.384, 96
Trd, 863914.618, 97
Trd, 863914.634, 91
Trd, 863915.001, 98
Trd, 863915.684, 91
Trd, 863916.018, 90
Trd, 863916.268, 95
Trd, 863916.484, 82
Trd, 863916.868, 103
Trd, 863917.018, 92
Trd, 863917.868, 101
Trd, 863918.051, 102
Trd, 863918.234, 103
Trd, 863918.484, 99
Trd, 863918.751, 90
Trd, 863919.701, 103
Trd, 863920.251, 103
Trd, 863920.418, 102
Trd, 863920.434, 104
Trd, 863921.084, 91
Trd, 863922.234, 95
Trd, 863922.551, 95
Trd, 863923.318, 93
Trd, 863923.468, 94
Trd, 863923.534, 98
Trd, 863923.618, 90
Trd, 863923.734, 89
Trd, 863923.868, 83
Trd, 863923.884, 106
Trd, 863924.051, 109
Trd, 863924.601, 79
Trd, 863925.168, 103
Trd, 863925.318, 104
Trd, 863925.501, 105
Trd, 863925.718, 82
Trd, 863925.751, 112
Trd, 863925.884, 106
Trd, 863926.084, 115
Trd, 863926.118, 111
Trd, 863926.784, 105
Trd, 863927.368, 107
Trd, 863927.718, 103
Trd, 863928.251, 107
Trd, 863928.418, 87
Trd, 863928.868, 108
Trd, 863929.401, 97
Trd, 863929.534, 96
Trd, 863930.018, 96
Trd, 863930.068, 90
Trd, 863930.884, 93
Trd, 863931.101, 103
Trd, 863932.801, 92
Trd, 863932.968, 86
Trd, 863933.068, 86
Trd, 863933.118, 93
Trd, 863933.301, 88
Trd, 863934.651, 93
Trd, 863935.051, 86
Trd, 863935.351, 98
Trd, 863935.384, 88
Trd, 863935.401, 87
Trd, 863935.434, 98
Trd, 863935.468, 83
Trd, 863936.284, 88
Trd, 863936.668, 89
Trd, 863936.951, 87
Trd, 863937.268, 92
Trd, 863937.784, 101
Trd, 863938.134, 102
Trd, 863938.751, 95
Trd, 863938.934, 92
Trd, 863939.234, 91
Trd, 863939.284, 97
Trd, 863939.451, 105
Trd, 863939.884, 105
Trd, 863940.351, 88
Trd, 863940.801, 104
Trd, 863940.818, 109
Trd, 863941.101, 103
Trd, 863941.584, 98
Trd, 863942.001, 109
Trd, 863942.868, 93
Trd, 863943.101, 98
Trd, 863943.584, 99
Trd, 863944.218, 103
Trd, 863944.251, 93
Trd, 863944.268, 110
Trd, 863945.151, 110
Trd, 863945.484, 111
Trd, 863945.768, 110
Trd, 863946.768, 109
Trd, 863946.884, 108
Trd, 863946.901, 109
Trd, 863947.268, 111
Trd, 863947.851, 87
Trd, 863948.484, 111
Trd, 863948.601, 112
Trd, 863948.618, 113
Trd, 863948.918, 109
Trd, 863949.584, 104
Trd, 863949.818, 92
Trd, 863949.918, 113
Trd, 863950.251, 90
Trd, 863950.501, 104
Trd, 863950.784, 97
Trd, 863950.834, 114
Trd, 863952.001, 98
Trd, 863952.651, 110
Trd, 863952.684, 98
Trd, 863953.218, 97
Trd, 863953.434, 105
Trd, 863953.951, 104
Trd, 863954.068, 86
Trd, 863954.368, 85
Trd, 863954.684, 90
Trd, 863954.768, 97
Trd, 863954.818, 79
Trd, 863955.484, 100
Trd, 863955.768, 95
Trd, 863955.968, 98
Trd, 863956.484, 96
Trd, 863956.751, 100
Trd, 863957.168, 100
Trd, 863958.584, 90
Trd, 863959.034, 99
Trd, 863959.201, 102
Trd, 863959.318, 90
Trd, 863959.351, 87
Trd, 863959.834, 104
Trd, 863959.984, 105
Trd, 863960.101, 105
Trd, 863960.334, 105
Trd, 863960.701, 105
Trd, 863960.968, 104
Trd, 863961.251, 95
Trd, 863961.484, 92
Trd, 863961.601, 89
Trd, 863962.551, 103
Trd, 863962.801, 106
Trd, 863963.168, 110
Trd, 863963.484, 93
Trd, 863963.651, 92
Trd, 863963.918, 91
Trd, 863964.168, 104
Trd, 863964.234, 99
Trd, 863964.751, 109
Trd, 863965.118, 91
Trd, 863965.701, 91
Trd, 863965.984, 103
Trd, 863966.134, 89
Trd, 863966.184, 104
Trd, 863967.251, 105
Trd, 863967.918, 99
Trd, 863968.368, 98
Trd, 863968.434, 99
Trd, 863969.068, 93
Trd, 863969.134, 90
Trd, 863969.268, 101
Trd, 863969.951, 85
Trd, 863970.034, 102
Trd, 863970.134, 103
Trd, 863970.318, 107
Trd, 863970.351, 109
Trd, 863971.168, 82
Trd, 863971.551, 89
Trd, 863971.618, 90
Trd, 863972.268, 86
Trd, 863972.351, 89
Trd, 863972.751, 91
Trd, 863973.218, 93
Trd, 863973.584, 94
Trd, 863973.601, 95
Trd, 863974.234, 93
Trd, 863975.068, 106
Trd, 863975.084, 91
Trd, 863975.168, 90
Trd, 863975.268, 108
Trd, 863975.334, 110
Trd, 863975.684, 86
Trd, 863975.751, 109
Trd, 863976.384, 92
Trd, 863976.568, 82
Trd, 863976.718, 104
Trd, 863976.734, 79
Trd, 863976.818, 106
Trd, 863976.918, 106
Trd, 863977.351, 104
Trd, 863977.368, 92
Trd, 863978.584, 93
Trd, 863979.768, 94
Trd, 863980.734, 96
Trd, 863980.884, 98
Trd, 863981.234, 99
Trd, 863981.618, 96
Trd, 863981.751, 105
Trd, 863982.618, 96
Trd, 863982.784, 104
Trd, 863983.468, 102
Trd, 863983.618, 91
Trd, 863984.018, 92
Trd, 863984.351, 94
Trd, 863984.601, 93
Trd, 863984.684, 91
Trd, 863985.001, 88
Trd, 863985.134, 95
Trd, 863985.151, 96
Trd, 863985.668, 92
Trd, 863985.734, 90
Trd, 863986.251, 86
Trd, 863986.568, 96
Trd, 863986.884, 89
Trd, 863987.334, 83
Trd, 863987.434, 101
Trd, 863987.634, 104
Trd, 863988.151, 105
Trd, 863988.451, 106
Trd, 863988.518, 97
Trd, 863988.684, 95
Trd, 863988.701, 106
Trd, 863989.334, 97
Trd, 863989.434, 96
Trd, 863990.084, 93
Trd, 863991.334, 107
Trd, 863991.768, 106
Trd, 863992.084, 105
Trd, 863992.718, 105
Trd, 863992.768, 103
Trd, 863993.284, 90
Trd, 863993.351, 105
Trd, 863994.051, 83
Trd, 863994.301, 104
Trd, 863994.368, 100
Trd, 863994.518, 96
Trd, 863994.751, 96
Trd, 863995.318, 95
Trd, 863995.434, 93
Trd, 863995.468, 96
Trd, 863995.568, 105
Trd, 863995.801, 82
Trd, 863996.168, 85
Trd, 863997.084, 106
Trd, 863997.151, 115
Trd, 863997.334, 109
Trd, 863997.968, 92
Trd, 863998.168, 90
Trd, 863998.934, 88
Trd, 863999.184, 88
Trd, 863999.201, 94
Trd, 863999.368, 95
Trd, 863999.968, 97
