Trd, 863316.768, 93
Trd, 863316.818, 90
Trd, 863317.701, 94
Trd, 863318.001, 90
Trd, 863318.718, 92
Trd, 863318.851, 95
Trd, 863319.168, 98
Trd, 863319.284, 97
Trd, 863319.834, 96
Trd, 863320.318, 95
Trd, 863321.668, 99
Trd, 863321.884, 99
Trd, 863322.201, 102
Trd, 863322.884, 104
Trd, 863323.001, 100
Trd, 863323.051, 99
Trd, 863323.268, 103
Trd, 863323.618, 113
Trd, 863323.668, 112
Trd, 863324.084, 99
Trd, 863324.834, 99
Trd, 863324.984, 109
Trd, 863325.234, 110
Trd, 863325.601, 100
Trd, 863325.618, 99
Trd, 863325.868, 101
Trd, 863326.134, 99
Trd, 863326.618, 98
Trd, 863326.818, 97
Trd, 863327.868, 102
Trd, 863328.418, 100
Trd, 863328.468, 99
Trd, 863328.701, 103
Trd, 863329.084, 104
Trd, 863329.768, 102
Trd, 863330.051, 103
Trd, 863330.484, 103
Trd, 863330.534, 98
Trd, 863330.668, 95
Trd, 863331.318, 96
Trd, 863331.351, 95
Trd, 863331.434, 114
Trd, 863331.568, 119
Trd, 863332.334, 99
Trd, 863333.101, 110
Trd, 863333.184, 111
Trd, 863333.734, 100
Trd, 863334.018, 101
Trd, 863334.584, 104
Trd, 863334.618, 101
Trd, 863335.101, 100
Trd, 863335.268, 95
Trd, 863335.684, 95
Trd, 863336.001, 102
Trd, 863336.751, 98
Trd, 863337.084, 99
Trd, 863337.518, 98
Trd, 863337.751, 100
Trd, 863338.151, 101
Trd, 863338.334, 102
Trd, 863338.968, 100
Trd, 863339.518, 104
Trd, 863339.701, 119
Trd, 863339.968, 119
Trd, 863340.518, 105
Trd, 863341.601, 106
Trd, 863341.768, 110
Trd, 863342.334, 112
Trd, 863342.968, 109
Trd, 863342.984, 111
Trd, 863343.101, 106
Trd, 863343.384, 111
Trd, 863343.484, 113
Trd, 863343.634, 105
Trd, 863343.951, 104
Trd, 863344.184, 98
Trd, 863345.384, 98
Trd, 863345.551, 98
Trd, 863345.651, 99
Trd, 863346.151, 100
Trd, 863346.284, 98
Trd, 863347.251, 100
Trd, 863347.351, 98
Trd, 863347.884, 96
Trd, 863348.301, 100
Trd, 863348.484, 99
Trd, 863348.884, 100
Trd, 863349.051, 109
Trd, 863349.134, 115
Trd, 863349.251, 101
Trd, 863350.318, 98
Trd, 863350.468, 97
Trd, 863350.768, 95
Trd, 863351.034, 102
Trd, 863351.834, 93
Trd, 863352.334, 110
Trd, 863352.418, 113
Trd, 863353.134, 99
Trd, 863353.901, 102
Trd, 863354.068, 104
Trd, 863354.318, 104
Trd, 863354.551, 104
Trd, 863354.718, 104
Trd, 863355.018, 103
Trd, 863355.251, 102
Trd, 863355.568, 101
Trd, 863356.468, 102
Trd, 863357.101, 103
Trd, 863357.184, 115
Trd, 863357.301, 105
Trd, 863358.634, 110
Trd, 863358.684, 109
Trd, 863358.984, 109
Trd, 863359.718, 115
Trd, 863359.818, 108
Trd, 863360.084, 109
Trd, 863360.101, 107
Trd, 863360.901, 106
Trd, 863360.968, 107
Trd, 863361.651, 111
Trd, 863361.751, 105
Trd, 863362.318, 105
Trd, 863363.034, 104
Trd, 863363.134, 106
Trd, 863363.184, 98
Trd, 863363.618, 108
Trd, 863364.584, 98
Trd, 863364.984, 98
Trd, 863365.068, 99
Trd, 863365.318, 101
Trd, 863365.484, 102
Trd, 863365.918, 102
Trd, 863366.084, 105
Trd, 863366.301, 104
Trd, 863366.468, 104
Trd, 863367.184, 103
Trd, 863367.568, 103
Trd, 863367.934, 104
Trd, 863368.218, 104
Trd, 863368.284, 103
Trd, 863368.368, 110
Trd, 863368.501, 112
Trd, 863369.968, 108
Trd, 863370.134, 116
Trd, 863370.468, 107
Trd, 863371.401, 98
Trd, 863371.601, 114
Trd, 863372.018, 101
Trd, 863372.218, 101
Trd, 863372.351, 100
Trd, 863372.601, 98
Trd, 863373.068, 102
Trd, 863373.284, 102
Trd, 863374.068, 103
Trd, 863374.134, 102
Trd, 863374.318, 101
Trd, 863375.334, 103
Trd, 863375.484, 111
Trd, 863376.334, 119
Trd, 863376.434, 110
Trd, 863376.868, 103
Trd, 863377.118, 102
Trd, 863377.201, 126
Trd, 863377.218, 101
Trd, 863377.501, 101
Trd, 863377.551, 104
Trd, 863378.518, 103
Trd, 863379.084, 115
Trd, 863379.418, 108
Trd, 863379.801, 106
Trd, 863380.001, 106
Trd, 863380.068, 104
Trd, 863381.018, 108
Trd, 863381.251, 102
Trd, 863381.301, 101
Trd, 863381.768, 101
Trd, 863382.834, 101
Trd, 863383.251, 100
Trd, 863383.501, 107
Trd, 863384.101, 101
Trd, 863384.551, 103
Trd, 863384.618, 104
Trd, 863384.701, 102
Trd, 863384.901, 101
Trd, 863384.968, 101
Trd, 863385.034, 107
Trd, 863385.201, 114
Trd, 863385.218, 124
Trd, 863386.701, 103
Trd, 863386.934, 104
Trd, 863387.451, 105
Trd, 863387.584, 103
Trd, 863387.951, 98
Trd, 863389.068, 98
Trd, 863389.101, 97
Trd, 863389.418, 100
Trd, 863389.734, 98
Trd, 863390.018, 97
Trd, 863390.418, 98
Trd, 863390.451, 95
Trd, 863391.051, 99
Trd, 863393.384, 106
Trd, 863393.401, 105
Trd, 863393.834, 115
Trd, 863394.034, 101
Trd, 863394.301, 98
Trd, 863394.384, 98
Trd, 863394.518, 98
Trd, 863394.534, 102
Trd, 863394.701, 103
Trd, 863395.601, 104
Trd, 863396.401, 105
Trd, 863396.651, 115
Trd, 863396.884, 113
Trd, 863397.168, 107
Trd, 863397.968, 110
Trd, 863398.368, 110
Trd, 863398.501, 109
Trd, 863398.984, 102
Trd, 863399.434, 103
Trd, 863399.468, 115
Trd, 863399.701, 115
Trd, 863400.768, 104
Trd, 863401.001, 104
Trd, 863401.034, 104
Trd, 863401.634, 105
Trd, 863401.901, 104
Trd, 863401.934, 106
Trd, 863402.584, 103
Trd, 863402.751, 104
Trd, 863402.868, 94
Trd, 863402.884, 107
Trd, 863403.151, 108
Trd, 863404.068, 111
Trd, 863405.101, 99
Trd, 863405.251, 99
Trd, 863405.784, 99
Trd, 863406.251, 100
Trd, 863406.501, 99
Trd, 863407.284, 97
Trd, 863407.368, 95
Trd, 863407.501, 93
Trd, 863407.718, 103
Trd, 863408.084, 96
Trd, 863408.434, 107
Trd, 863409.084, 95
Trd, 863409.151, 94
Trd, 863409.484, 103
Trd, 863409.734, 97
Trd, 863410.268, 101
Trd, 863410.551, 101
Trd, 863410.934, 111
Trd, 863411.968, 106
Trd, 863412.084, 106
Trd, 863412.368, 104
Trd, 863412.551, 102
Trd, 863413.101, 103
Trd, 863413.734, 104
Trd, 863414.051, 104
Trd, 863414.101, 104
Trd, 863414.234, 105
Trd, 863414.584, 98
Trd, 863415.018, 98
Trd, 863415.251, 108
Trd, 863415.534, 99
Trd, 863416.201, 101
Trd, 863416.584, 104
Trd, 863417.234, 106
Trd, 863417.551, 110
Trd, 863417.584, 108
Trd, 863418.618, 109
Trd, 863418.634, 108
Trd, 863418.801, 104
Trd, 863419.068, 105
Trd, 863419.084, 104
Trd, 863419.651, 101
Trd, 863420.034, 99
Trd, 863420.084, 98
Trd, 863420.934, 98
Trd, 863421.068, 97
Trd, 863421.668, 100
Trd, 863421.751, 98
Trd, 863421.918, 102
Trd, 863422.051, 104
Trd, 863423.134, 113
Trd, 863423.401, 115
Trd, 863423.751, 107
Trd, 863424.151, 106
Trd, 863425.251, 105
Trd, 863425.418, 105
Trd, 863425.734, 105
Trd, 863425.818, 105
Trd, 863426.301, 105
Trd, 863426.368, 106
Trd, 863426.768, 109
Trd, 863426.818, 104
Trd, 863427.434, 100
Trd, 863428.468, 108
Trd, 863428.551, 109
Trd, 863428.901, 104
Trd, 863429.018, 115
Trd, 863429.084, 122
Trd, 863429.701, 106
Trd, 863430.484, 109
Trd, 863430.518, 110
Trd, 863430.651, 108
Trd, 863431.118, 109
Trd, 863432.568, 110
Trd, 863432.601, 106
Trd, 863432.784, 111
Trd, 863433.401, 105
Trd, 863434.018, 94
Trd, 863434.318, 94
Trd, 863434.434, 109
Trd, 863435.034, 101
Trd, 863436.084, 104
Trd, 863436.284, 105
Trd, 863436.634, 99
Trd, 863436.868, 99
Trd, 863437.084, 99
Trd, 863437.734, 106
Trd, 863437.934, 103
Trd, 863438.301, 103
Trd, 863438.668, 102
Trd, 863438.968, 103
Trd, 863439.101, 100
Trd, 863440.118, 100
Trd, 863440.334, 96
Trd, 863440.668, 95
Trd, 863441.284, 95
Trd, 863441.318, 96
Trd, 863441.468, 98
Trd, 863442.501, 100
Trd, 863443.084, 101
Trd, 863443.268, 102
Trd, 863443.384, 109
Trd, 863444.068, 103
Trd, 863444.201, 103
Trd, 863444.434, 105
Trd, 863444.851, 106
Trd, 863445.134, 105
Trd, 863445.151, 104
Trd, 863445.218, 103
Trd, 863445.668, 95
Trd, 863445.734, 104
Trd, 863445.901, 104
Trd, 863445.934, 94
Trd, 863446.718, 103
Trd, 863448.134, 99
Trd, 863448.334, 100
Trd, 863448.668, 99
Trd, 863448.818, 99
Trd, 863448.884, 98
Trd, 863449.201, 98
Trd, 863449.801, 95
Trd, 863450.168, 97
Trd, 863450.551, 98
Trd, 863450.634, 107
Trd, 863450.668, 95
Trd, 863451.068, 97
Trd, 863451.201, 95
Trd, 863451.418, 114
Trd, 863452.084, 98
Trd, 863452.968, 101
Trd, 863452.984, 100
Trd, 863453.701, 103
Trd, 863453.951, 104
Trd, 863454.351, 104
Trd, 863454.634, 103
Trd, 863454.734, 99
Trd, 863454.868, 102
Trd, 863455.101, 113
Trd, 863455.768, 102
Trd, 863457.001, 102
Trd, 863457.301, 103
Trd, 863457.384, 103
Trd, 863458.301, 105
Trd, 863458.601, 108
Trd, 863458.668, 105
Trd, 863458.734, 105
Trd, 863458.801, 103
Trd, 863459.668, 102
Trd, 863460.284, 99
Trd, 863461.118, 111
Trd, 863461.784, 99
Trd, 863461.801, 98
Trd, 863462.184, 106
Trd, 863462.651, 107
Trd, 863462.718, 99
Trd, 863463.184, 107
Trd, 863463.434, 100
Trd, 863464.034, 101
Trd, 863464.051, 100
Trd, 863464.118, 99
Trd, 863464.601, 112
Trd, 863465.118, 109
Trd, 863465.834, 104
Trd, 863466.084, 103
Trd, 863466.251, 106
Trd, 863467.368, 106
Trd, 863467.568, 105
Trd, 863467.934, 110
Trd, 863468.151, 112
Trd, 863468.168, 102
Trd, 863468.351, 99
Trd, 863468.701, 100
Trd, 863469.118, 103
Trd, 863469.368, 102
Trd, 863470.051, 104
Trd, 863470.334, 103
Trd, 863470.468, 104
Trd, 863470.668, 102
Trd, 863471.651, 101
Trd, 863471.834, 98
Trd, 863472.768, 101
Trd, 863472.884, 96
Trd, 863472.984, 103
Trd, 863473.151, 96
Trd, 863473.451, 97
Trd, 863474.284, 103
Trd, 863474.551, 104
Trd, 863475.834, 102
Trd, 863475.951, 103
Trd, 863476.218, 105
Trd, 863476.384, 105
Trd, 863476.484, 104
Trd, 863476.784, 114
Trd, 863476.851, 103
Trd, 863477.134, 119
Trd, 863477.568, 122
Trd, 863477.634, 105
Trd, 863478.184, 104
Trd, 863478.868, 105
Trd, 863479.184, 96
Trd, 863479.568, 94
Trd, 863480.284, 96
Trd, 863481.018, 95
Trd, 863481.301, 90
Trd, 863481.368, 107
Trd, 863481.434, 79
Trd, 863481.551, 108
Trd, 863481.884, 112
Trd, 863483.034, 87
Trd, 863483.701, 91
Trd, 863484.168, 98
Trd, 863484.934, 97
Trd, 863485.334, 100
Trd, 863485.718, 100
Trd, 863485.751, 101
Trd, 863485.868, 101
Trd, 863486.168, 101
Trd, 863486.368, 115
Trd, 863486.834, 99
Trd, 863486.851, 98
Trd, 863487.018, 95
Trd, 863487.434, 108
Trd, 863488.168, 104
Trd, 863488.751, 102
Trd, 863488.851, 101
Trd, 863489.084, 102
Trd, 863489.301, 103
Trd, 863489.868, 104
Trd, 863489.918, 105
Trd, 863489.984, 104
Trd, 863490.184, 103
Trd, 863490.668, 114
Trd, 863490.784, 115
Trd, 863490.818, 95
Trd, 863491.668, 98
Trd, 863492.451, 102
Trd, 863492.801, 104
Trd, 863492.818, 105
Trd, 863493.651, 113
Trd, 863493.668, 104
Trd, 863494.651, 104
Trd, 863495.018, 98
Trd, 863495.668, 98
Trd, 863495.918, 111
Trd, 863496.468, 96
Trd, 863497.084, 100
Trd, 863497.201, 99
Trd, 863497.234, 98
Trd, 863497.751, 99
Trd, 863498.368, 103
Trd, 863498.668, 103
Trd, 863499.134, 106
Trd, 863499.334, 93
Trd, 863501.068, 98
Trd, 863501.318, 99
Trd, 863501.718, 100
Trd, 863501.751, 103
Trd, 863501.968, 101
Trd, 863502.618, 100
Trd, 863502.818, 98
Trd, 863502.834, 96
Trd, 863503.468, 101
Trd, 863503.701, 102
Trd, 863503.818, 97
Trd, 863504.418, 98
Trd, 863504.551, 96
Trd, 863504.818, 95
Trd, 863504.834, 103
Trd, 863504.934, 104
Trd, 863506.184, 94
Trd, 863506.368, 94
Trd, 863506.568, 92
Trd, 863506.601, 90
Trd, 863506.634, 96
Trd, 863507.184, 86
Trd, 863507.451, 85
Trd, 863508.284, 111
Trd, 863509.401, 97
Trd, 863509.651, 99
Trd, 863509.868, 99
Trd, 863510.384, 101
Trd, 863510.868, 102
Trd, 863510.951, 101
Trd, 863511.734, 102
Trd, 863511.901, 102
Trd, 863512.134, 103
Trd, 863512.218, 103
Trd, 863512.834, 99
Trd, 863513.151, 101
Trd, 863513.334, 103
Trd, 863513.601, 113
Trd, 863513.818, 114
Trd, 863513.851, 99
Trd, 863514.568, 104
Trd, 863514.884, 115
Trd, 863515.168, 115
Trd, 863515.368, 116
Trd, 863516.334, 103
Trd, 863516.551, 102
Trd, 863516.601, 101
Trd, 863516.801, 113
Trd, 863516.934, 112
Trd, 863518.151, 101
Trd, 863519.051, 102
Trd, 863519.351, 101
Trd, 863519.368, 100
Trd, 863519.801, 112
Trd, 863520.518, 105
Trd, 863520.568, 113
Trd, 863520.651, 105
Trd, 863521.484, 114
Trd, 863521.584, 108
Trd, 863522.101, 109
Trd, 863523.134, 111
Trd, 863523.151, 113
Trd, 863523.368, 111
Trd, 863523.901, 108
Trd, 863524.001, 106
Trd, 863524.018, 104
Trd, 863524.684, 108
Trd, 863524.818, 99
Trd, 863524.851, 98
Trd, 863524.868, 108
Trd, 863525.518, 99
Trd, 863526.368, 100
Trd, 863527.501, 102
Trd, 863527.718, 102
Trd, 863527.834, 102
Trd, 863528.151, 103
Trd, 863528.301, 103
Trd, 863528.351, 100
Trd, 863528.934, 104
Trd, 863529.584, 101
Trd, 863529.834, 104
Trd, 863529.934, 103
Trd, 863530.234, 101
Trd, 863530.468, 104
Trd, 863530.734, 95
Trd, 863532.168, 101
Trd, 863532.351, 102
Trd, 863532.468, 102
Trd, 863532.634, 101
Trd, 863532.651, 103
Trd, 863533.368, 102
Trd, 863533.734, 100
Trd, 863533.884, 98
Trd, 863534.334, 103
Trd, 863534.368, 93
Trd, 863534.601, 95
Trd, 863534.784, 102
Trd, 863535.518, 99
Trd, 863536.384, 101
Trd, 863536.584, 102
Trd, 863536.834, 103
Trd, 863537.101, 99
Trd, 863537.468, 99
Trd, 863537.784, 98
Trd, 863537.834, 100
Trd, 863538.801, 91
Trd, 863539.401, 94
Trd, 863540.751, 100
Trd, 863540.834, 101
Trd, 863541.251, 101
Trd, 863541.418, 102
Trd, 863542.301, 105
Trd, 863542.518, 105
Trd, 863542.618, 104
Trd, 863542.634, 113
Trd, 863542.918, 95
Trd, 863543.434, 96
Trd, 863544.268, 98
Trd, 863544.484, 98
Trd, 863545.051, 100
Trd, 863545.101, 100
Trd, 863545.284, 99
Trd, 863545.334, 99
Trd, 863545.568, 100
Trd, 863545.684, 102
Trd, 863546.301, 105
Trd, 863546.534, 104
Trd, 863547.301, 122
Trd, 863547.318, 115
Trd, 863547.651, 123
Trd, 863547.901, 105
Trd, 863548.868, 112
Trd, 863549.018, 112
Trd, 863549.751, 105
Trd, 863550.284, 105
Trd, 863550.351, 104
Trd, 863550.584, 102
Trd, 863551.184, 112
Trd, 863551.484, 105
Trd, 863552.101, 104
Trd, 863552.218, 94
Trd, 863552.234, 110
Trd, 863552.284, 93
Trd, 863553.051, 97
Trd, 863553.751, 107
Trd, 863554.134, 100
Trd, 863554.184, 101
Trd, 863554.718, 102
Trd, 863555.451, 106
Trd, 863555.651, 109
Trd, 863555.934, 110
Trd, 863556.151, 111
Trd, 863556.218, 111
Trd, 863556.534, 111
Trd, 863556.901, 111
Trd, 863557.201, 105
Trd, 863557.384, 123
Trd, 863558.051, 97
Trd, 863558.118, 112
Trd, 863558.951, 101
Trd, 863559.701, 100
Trd, 863559.984, 101
Trd, 863560.018, 102
Trd, 863560.168, 99
Trd, 863560.184, 97
Trd, 863560.484, 95
Trd, 863561.851, 98
Trd, 863561.968, 98
Trd, 863562.418, 99
Trd, 863562.568, 99
Trd, 863562.851, 98
Trd, 863562.984, 98
Trd, 863563.268, 99
Trd, 863563.734, 104
Trd, 863564.284, 109
Trd, 863564.434, 101
Trd, 863564.618, 100
Trd, 863564.701, 99
Trd, 863565.051, 100
Trd, 863565.151, 101
Trd, 863565.634, 97
Trd, 863565.834, 96
Trd, 863566.351, 97
Trd, 863566.368, 98
Trd, 863566.851, 97
Trd, 863567.001, 104
Trd, 863567.434, 97
Trd, 863568.234, 111
Trd, 863568.768, 103
Trd, 863569.618, 109
Trd, 863569.984, 103
Trd, 863570.118, 113
Trd, 863570.151, 102
Trd, 863571.634, 99
Trd, 863572.018, 99
Trd, 863572.568, 99
Trd, 863573.034, 102
Trd, 863573.168, 102
Trd, 863573.201, 100
Trd, 863573.218, 99
Trd, 863573.434, 103
Trd, 863573.468, 108
Trd, 863574.334, 100
Trd, 863574.468, 101
Trd, 863575.018, 105
Trd, 863575.251, 105
Trd, 863576.151, 104
Trd, 863576.168, 106
Trd, 863576.618, 104
Trd, 863577.134, 107
Trd, 863577.451, 107
Trd, 863577.684, 109
Trd, 863578.218, 110
Trd, 863578.434, 105
Trd, 863579.418, 98
Trd, 863579.701, 113
Trd, 863580.601, 100
Trd, 863581.068, 123
Trd, 863581.418, 120
Trd, 863581.601, 101
Trd, 863581.718, 100
Trd, 863581.784, 99
Trd, 863581.801, 124
Trd, 863581.868, 125
Trd, 863582.134, 99
Trd, 863582.501, 98
Trd, 863583.268, 95
Trd, 863583.401, 98
Trd, 863583.734, 100
Trd, 863584.768, 98
Trd, 863584.801, 97
Trd, 863584.984, 97
Trd, 863585.851, 95
Trd, 863587.001, 101
Trd, 863587.151, 100
Trd, 863587.401, 100
Trd, 863587.768, 101
Trd, 863587.984, 99
Trd, 863588.618, 102
Trd, 863588.684, 98
Trd, 863588.968, 101
Trd, 863589.401, 102
Trd, 863589.501, 100
Trd, 863590.001, 114
Trd, 863590.434, 99
Trd, 863591.201, 96
Trd, 863592.101, 98
Trd, 863592.118, 106
Trd, 863592.151, 111
Trd, 863592.968, 99
Trd, 863593.151, 109
Trd, 863594.001, 102
Trd, 863594.084, 102
Trd, 863594.418, 102
Trd, 863594.601, 101
Trd, 863595.334, 101
Trd, 863595.684, 101
Trd, 863596.218, 99
Trd, 863596.284, 98
Trd, 863596.301, 95
Trd, 863596.401, 102
Trd, 863596.618, 94
Trd, 863596.751, 90
Trd, 863597.434, 89
Trd, 863598.018, 92
Trd, 863598.101, 97
Trd, 863598.334, 94
Trd, 863598.818, 95
Trd, 863599.101, 107
Trd, 863599.218, 109
Trd, 863599.601, 97
Trd, 863601.034, 108
Trd, 863601.118, 112
Trd, 863601.418, 101
Trd, 863601.901, 107
Trd, 863602.401, 108
Trd, 863602.968, 110
Trd, 863603.218, 108
Trd, 863603.368, 107
Trd, 863604.151, 107
Trd, 863604.334, 106
Trd, 863604.401, 108
Trd, 863604.584, 111
Trd, 863605.718, 104
Trd, 863606.218, 103
Trd, 863606.418, 103
Trd, 863606.668, 103
Trd, 863607.001, 103
Trd, 863607.151, 103
Trd, 863607.201, 102
Trd, 863607.351, 103
Trd, 863607.468, 104
Trd, 863607.501, 102
Trd, 863607.584, 98
Trd, 863608.501, 97
Trd, 863609.434, 97
Trd, 863610.218, 99
Trd, 863610.334, 103
Trd, 863611.168, 98
Trd, 863611.251, 101
Trd, 863611.268, 95
Trd, 863612.284, 99
Trd, 863612.484, 100
Trd, 863612.551, 101
Trd, 863613.184, 103
Trd, 863613.534, 103
Trd, 863614.034, 103
Trd, 863614.251, 103
Trd, 863614.384, 102
Trd, 863614.634, 98
Trd, 863615.618, 94
Trd, 863616.151, 94
Trd, 863616.218, 106
Trd, 863617.784, 101
Trd, 863618.184, 97
Trd, 863618.568, 98
Trd, 863618.684, 98
Trd, 863618.768, 99
Trd, 863618.801, 100
Trd, 863618.901, 100
Trd, 863618.968, 99
Trd, 863619.351, 102
Trd, 863619.801, 98
Trd, 863619.868, 93
Trd, 863620.884, 109
Trd, 863621.368, 91
Trd, 863621.501, 110
Trd, 863621.751, 102
Trd, 863622.184, 112
Trd, 863622.818, 103
Trd, 863622.851, 120
Trd, 863623.118, 104
Trd, 863623.301, 104
Trd, 863623.684, 104
Trd, 863624.451, 105
Trd, 863624.468, 104
Trd, 863625.051, 107
Trd, 863625.351, 107
Trd, 863625.401, 106
Trd, 863626.418, 105
Trd, 863627.168, 99
Trd, 863627.634, 100
Trd, 863627.651, 99
Trd, 863627.734, 98
Trd, 863627.768, 101
Trd, 863628.034, 105
Trd, 863628.434, 100
Trd, 863628.534, 93
Trd, 863629.351, 120
Trd, 863629.551, 98
Trd, 863630.051, 99
Trd, 863630.334, 99
Trd, 863631.584, 104
Trd, 863631.601, 103
Trd, 863632.051, 98
Trd, 863632.401, 98
Trd, 863632.718, 98
Trd, 863632.968, 99
Trd, 863633.351, 100
Trd, 863633.651, 103
Trd, 863634.584, 104
Trd, 863634.651, 111
Trd, 863634.734, 104
Trd, 863635.134, 113
Trd, 863635.918, 105
Trd, 863636.201, 106
Trd, 863636.401, 104
Trd, 863637.001, 100
Trd, 863637.134, 100
Trd, 863637.301, 99
Trd, 863637.718, 98
Trd, 863638.134, 101
Trd, 863638.851, 97
Trd, 863639.218, 97
Trd, 863639.301, 98
Trd, 863639.401, 97
Trd, 863639.501, 115
Trd, 863640.034, 97
Trd, 863640.484, 112
Trd, 863640.868, 97
Trd, 863641.001, 120
Trd, 863641.718, 97
Trd, 863641.934, 94
Trd, 863642.601, 109
Trd, 863643.351, 101
Trd, 863643.918, 113
Trd, 863644.068, 115
Trd, 863644.534, 110
Trd, 863644.684, 112
Trd, 863645.134, 111
Trd, 863646.334, 113
Trd, 863646.418, 114
Trd, 863646.534, 112
Trd, 863646.668, 111
Trd, 863647.651, 108
Trd, 863647.834, 106
Trd, 863647.934, 105
Trd, 863648.384, 105
Trd, 863648.584, 115
Trd, 863648.818, 106
Trd, 863649.201, 105
Trd, 863650.001, 110
Trd, 863650.251, 101
Trd, 863650.401, 100
Trd, 863650.518, 111
Trd, 863651.918, 105
Trd, 863652.068, 105
Trd, 863652.218, 105
Trd, 863652.701, 104
Trd, 863653.001, 100
Trd, 863653.168, 99
Trd, 863653.268, 104
Trd, 863653.534, 98
Trd, 863653.584, 96
Trd, 863654.518, 101
Trd, 863655.451, 101
Trd, 863655.584, 101
Trd, 863655.951, 101
Trd, 863656.351, 100
Trd, 863656.934, 100
Trd, 863657.468, 101
Trd, 863657.534, 99
Trd, 863657.968, 99
Trd, 863658.118, 101
Trd, 863658.134, 98
Trd, 863658.734, 97
Trd, 863659.568, 101
Trd, 863660.184, 101
Trd, 863660.201, 105
Trd, 863660.651, 107
Trd, 863661.068, 109
Trd, 863661.184, 114
Trd, 863661.334, 105
Trd, 863662.084, 121
Trd, 863662.834, 112
Trd, 863663.018, 110
Trd, 863663.234, 109
Trd, 863663.251, 99
Trd, 863663.351, 99
Trd, 863663.551, 99
Trd, 863664.051, 98
Trd, 863665.084, 97
Trd, 863665.451, 96
Trd, 863665.668, 95
Trd, 863665.834, 99
Trd, 863665.901, 101
Trd, 863666.484, 101
Trd, 863666.601, 96
Trd, 863667.351, 100
Trd, 863667.701, 100
Trd, 863668.068, 100
Trd, 863668.184, 99
Trd, 863668.818, 104
Trd, 863669.501, 103
Trd, 863670.018, 104
Trd, 863670.784, 104
Trd, 863671.034, 105
Trd, 863671.118, 112
Trd, 863671.268, 104
Trd, 863671.451, 103
Trd, 863672.051, 122
Trd, 863672.434, 98
Trd, 863672.601, 104
Trd, 863672.718, 127
Trd, 863674.551, 103
Trd, 863674.884, 104
Trd, 863675.218, 104
Trd, 863675.368, 104
Trd, 863675.868, 95
Trd, 863675.934, 105
Trd, 863676.534, 105
Trd, 863676.818, 95
Trd, 863677.101, 94
Trd, 863677.268, 104
Trd, 863677.918, 96
Trd, 863678.151, 96
Trd, 863679.118, 103
Trd, 863679.551, 103
Trd, 863679.751, 104
Trd, 863679.851, 103
Trd, 863679.901, 102
Trd, 863679.918, 105
Trd, 863680.068, 102
Trd, 863680.168, 99
Trd, 863680.901, 104
Trd, 863681.101, 105
Trd, 863681.684, 105
Trd, 863683.218, 106
Trd, 863683.534, 107
Trd, 863683.651, 104
Trd, 863684.168, 106
Trd, 863684.318, 107
Trd, 863684.501, 106
Trd, 863684.634, 106
Trd, 863684.801, 106
Trd, 863685.068, 114
Trd, 863686.034, 101
Trd, 863686.368, 99
Trd, 863686.834, 105
Trd, 863686.868, 98
Trd, 863687.084, 106
Trd, 863687.134, 97
Trd, 863687.201, 108
Trd, 863687.418, 96
Trd, 863688.684, 100
Trd, 863688.884, 99
Trd, 863689.601, 99
Trd, 863690.718, 101
Trd, 863690.734, 99
Trd, 863691.551, 99
Trd, 863692.051, 100
Trd, 863692.118, 101
Trd, 863692.318, 102
Trd, 863692.668, 104
Trd, 863693.501, 105
Trd, 863694.084, 106
Trd, 863694.184, 106
Trd, 863694.518, 114
Trd, 863694.701, 105
Trd, 863694.934, 105
Trd, 863695.251, 104
Trd, 863695.284, 95
Trd, 863695.384, 93
Trd, 863697.534, 100
Trd, 863697.784, 102
Trd, 863697.951, 103
Trd, 863698.284, 102
Trd, 863698.434, 108
Trd, 863698.701, 103
Trd, 863698.801, 111
Trd, 863699.168, 103
Trd, 863699.534, 104
Trd, 863699.718, 104
Trd, 863700.018, 99
Trd, 863700.301, 109
Trd, 863700.734, 103
Trd, 863700.968, 103
Trd, 863701.751, 102
Trd, 863702.018, 101
Trd, 863702.068, 104
Trd, 863702.101, 105
Trd, 863702.251, 107
Trd, 863704.284, 104
Trd, 863704.368, 104
Trd, 863704.501, 103
Trd, 863705.351, 103
Trd, 863705.468, 105
Trd, 863705.584, 103
Trd, 863706.134, 104
Trd, 863706.168, 103
Trd, 863706.868, 101
Trd, 863706.951, 98
Trd, 863707.018, 95
Trd, 863707.418, 96
Trd, 863707.984, 96
Trd, 863708.051, 102
Trd, 863708.101, 103
Trd, 863708.168, 93
Trd, 863708.484, 92
Trd, 863708.734, 92
Trd, 863709.384, 94
Trd, 863710.418, 93
Trd, 863710.901, 95
Trd, 863711.068, 98
Trd, 863711.134, 104
Trd, 863711.434, 112
Trd, 863712.301, 102
Trd, 863712.384, 103
Trd, 863712.434, 104
Trd, 863712.634, 112
Trd, 863713.068, 104
Trd, 863713.618, 104
Trd, 863713.818, 100
Trd, 863714.584, 111
Trd, 863714.851, 117
Trd, 863715.868, 100
Trd, 863716.334, 112
Trd, 863716.968, 106
Trd, 863717.068, 106
Trd, 863717.184, 105
Trd, 863717.751, 103
Trd, 863717.918, 98
Trd, 863718.084, 93
Trd, 863718.284, 93
Trd, 863718.401, 90
Trd, 863718.951, 106
Trd, 863719.418, 102
Trd, 863719.751, 104
Trd, 863719.901, 104
Trd, 863720.268, 108
Trd, 863721.084, 97
Trd, 863722.234, 104
Trd, 863722.368, 104
Trd, 863722.568, 104
Trd, 863722.801, 102
Trd, 863722.851, 104
Trd, 863723.734, 104
Trd, 863724.184, 103
Trd, 863724.584, 101
Trd, 863724.784, 102
Trd, 863724.834, 101
Trd, 863724.951, 98
Trd, 863725.184, 101
Trd, 863725.334, 114
Trd, 863725.851, 96
Trd, 863726.484, 107
Trd, 863726.501, 109
Trd, 863726.534, 113
Trd, 863726.868, 102
Trd, 863727.234, 97
Trd, 863728.834, 100
Trd, 863728.934, 100
Trd, 863729.151, 99
Trd, 863729.184, 100
Trd, 863729.268, 99
Trd, 863730.001, 99
Trd, 863730.634, 98
Trd, 863730.968, 97
Trd, 863731.101, 100
Trd, 863731.518, 96
Trd, 863731.934, 102
Trd, 863732.268, 97
Trd, 863732.784, 97
Trd, 863733.084, 98
Trd, 863733.168, 99
Trd, 863734.001, 98
Trd, 863734.301, 98
Trd, 863734.568, 101
Trd, 863734.818, 100
Trd, 863734.984, 98
Trd, 863735.068, 97
Trd, 863735.134, 95
Trd, 863735.401, 91
Trd, 863736.618, 97
Trd, 863736.818, 98
Trd, 863737.434, 97
Trd, 863737.518, 95
Trd, 863737.684, 90
Trd, 863738.534, 97
Trd, 863739.018, 87
Trd, 863739.368, 93
Trd, 863740.184, 97
Trd, 863740.351, 98
Trd, 863740.384, 108
Trd, 863740.768, 99
Trd, 863740.868, 112
Trd, 863741.668, 105
Trd, 863742.118, 104
Trd, 863742.201, 104
Trd, 863742.351, 103
Trd, 863743.101, 108
Trd, 863743.418, 108
Trd, 863743.551, 110
Trd, 863743.984, 109
Trd, 863744.184, 109
Trd, 863744.634, 109
Trd, 863744.818, 99
Trd, 863745.418, 103
Trd, 863745.951, 100
Trd, 863746.284, 107
Trd, 863746.684, 100
Trd, 863746.751, 98
Trd, 863747.351, 97
Trd, 863747.768, 111
Trd, 863747.834, 112
Trd, 863748.518, 98
Trd, 863749.084, 100
Trd, 863749.151, 98
Trd, 863749.951, 96
Trd, 863750.334, 112
Trd, 863750.368, 111
Trd, 863750.718, 116
Trd, 863751.068, 97
Trd, 863752.068, 100
Trd, 863752.218, 99
Trd, 863752.518, 99
Trd, 863753.201, 104
Trd, 863753.618, 101
Trd, 863754.001, 105
Trd, 863754.484, 114
Trd, 863754.501, 93
Trd, 863755.418, 116
Trd, 863755.668, 98
Trd, 863756.784, 105
Trd, 863756.918, 104
Trd, 863757.318, 103
Trd, 863757.584, 103
Trd, 863757.718, 104
Trd, 863757.734, 100
Trd, 863758.568, 104
Trd, 863758.668, 107
Trd, 863758.818, 104
Trd, 863758.834, 103
Trd, 863759.418, 103
Trd, 863759.501, 98
Trd, 863759.751, 109
Trd, 863760.384, 95
Trd, 863760.618, 111
Trd, 863761.384, 95
Trd, 863761.751, 106
Trd, 863761.768, 112
Trd, 863762.901, 99
Trd, 863763.001, 99
Trd, 863763.334, 99
Trd, 863763.901, 99
Trd, 863763.984, 112
Trd, 863764.334, 94
Trd, 863764.351, 104
Trd, 863764.584, 94
Trd, 863765.868, 100
Trd, 863766.284, 98
Trd, 863766.301, 100
Trd, 863767.018, 101
Trd, 863767.901, 102
Trd, 863768.034, 107
Trd, 863768.751, 103
Trd, 863768.851, 104
Trd, 863768.984, 101
Trd, 863769.834, 98
Trd, 863770.318, 100
Trd, 863770.401, 99
Trd, 863770.518, 99
Trd, 863770.701, 103
Trd, 863771.318, 105
Trd, 863771.618, 102
Trd, 863771.934, 110
Trd, 863772.101, 111
Trd, 863772.284, 101
Trd, 863772.584, 120
Trd, 863772.784, 105
Trd, 863772.918, 104
Trd, 863773.384, 104
Trd, 863773.468, 120
Trd, 863774.251, 106
Trd, 863775.768, 107
Trd, 863776.001, 107
Trd, 863776.268, 108
Trd, 863776.418, 113
Trd, 863776.451, 105
Trd, 863776.618, 104
Trd, 863777.384, 103
Trd, 863778.051, 105
Trd, 863778.118, 104
Trd, 863778.168, 98
Trd, 863778.484, 93
Trd, 863778.584, 93
Trd, 863779.601, 98
Trd, 863779.701, 99
Trd, 863779.984, 98
Trd, 863780.084, 103
Trd, 863780.484, 98
Trd, 863780.534, 105
Trd, 863780.584, 97
Trd, 863780.818, 93
Trd, 863782.384, 101
Trd, 863782.501, 101
Trd, 863782.668, 103
Trd, 863783.251, 104
Trd, 863783.618, 104
Trd, 863784.651, 101
Trd, 863784.801, 98
Trd, 863785.501, 102
Trd, 863785.518, 106
Trd, 863785.934, 101
Trd, 863786.418, 101
Trd, 863786.434, 100
Trd, 863786.584, 110
Trd, 863787.501, 103
Trd, 863787.918, 111
Trd, 863788.101, 121
Trd, 863789.084, 112
Trd, 863789.168, 112
Trd, 863789.601, 112
Trd, 863789.634, 111
Trd, 863789.668, 104
Trd, 863790.334, 116
Trd, 863790.451, 101
Trd, 863790.718, 98
Trd, 863790.984, 97
Trd, 863792.268, 101
Trd, 863792.384, 104
Trd, 863792.551, 101
Trd, 863792.851, 100
Trd, 863793.418, 107
Trd, 863794.218, 105
Trd, 863794.784, 107
Trd, 863795.151, 107
Trd, 863795.434, 105
Trd, 863795.551, 107
Trd, 863795.701, 107
Trd, 863796.418, 104
Trd, 863796.584, 102
Trd, 863796.901, 102
Trd, 863797.101, 103
Trd, 863797.418, 99
Trd, 863797.484, 98
Trd, 863798.134, 104
Trd, 863798.551, 102
Trd, 863798.901, 108
Trd, 863799.284, 104
Trd, 863799.484, 105
Trd, 863800.101, 108
Trd, 863800.418, 107
Trd, 863801.268, 109
Trd, 863801.284, 108
Trd, 863801.518, 106
Trd, 863801.884, 104
Trd, 863802.201, 112
Trd, 863802.301, 96
Trd, 863803.301, 96
Trd, 863803.451, 110
Trd, 863803.534, 97
Trd, 863804.201, 99
Trd, 863804.318, 99
Trd, 863804.601, 97
Trd, 863804.718, 95
Trd, 863805.201, 102
Trd, 863805.484, 95
Trd, 863806.818, 103
Trd, 863806.918, 100
Trd, 863807.568, 104
Trd, 863808.351, 93
Trd, 863808.368, 102
Trd, 863808.568, 92
Trd, 863808.951, 103
Trd, 863809.018, 95
Trd, 863809.101, 106
Trd, 863809.768, 100
Trd, 863810.418, 101
Trd, 863810.801, 102
Trd, 863811.001, 101
Trd, 863811.101, 102
Trd, 863811.501, 101
Trd, 863811.534, 99
Trd, 863812.634, 100
Trd, 863812.801, 101
Trd, 863812.934, 105
Trd, 863813.484, 105
Trd, 863813.734, 102
Trd, 863813.818, 106
Trd, 863814.101, 102
Trd, 863814.534, 100
Trd, 863814.668, 102
Trd, 863815.034, 112
Trd, 863815.284, 100
Trd, 863816.084, 104
Trd, 863816.168, 101
Trd, 863816.651, 102
Trd, 863817.284, 114
Trd, 863817.434, 106
Trd, 863818.301, 108
Trd, 863818.401, 109
Trd, 863818.584, 106
Trd, 863818.934, 106
Trd, 863819.168, 104
Trd, 863819.201, 98
Trd, 863820.051, 96
Trd, 863820.218, 95
Trd, 863820.318, 110
Trd, 863820.384, 93
Trd, 863821.284, 90
Trd, 863821.418, 90
Trd, 863822.068, 87
Trd, 863822.101, 104
Trd, 863822.718, 104
Trd, 863822.751, 92
Trd, 863822.768, 107
Trd, 863824.484, 103
Trd, 863825.251, 112
Trd, 863825.801, 108
Trd, 863826.651, 108
Trd, 863826.768, 107
Trd, 863826.784, 105
Trd, 863827.201, 110
Trd, 863827.301, 112
Trd, 863827.534, 109
Trd, 863828.318, 110
Trd, 863828.618, 109
Trd, 863828.801, 109
Trd, 863829.001, 107
Trd, 863829.084, 118
Trd, 863829.134, 106
Trd, 863829.718, 104
Trd, 863830.834, 105
Trd, 863831.168, 108
Trd, 863831.518, 108
Trd, 863831.568, 107
Trd, 863831.634, 111
Trd, 863832.184, 111
Trd, 863832.601, 109
Trd, 863832.834, 106
Trd, 863833.151, 102
Trd, 863833.201, 98
Trd, 863834.368, 97
Trd, 863834.568, 97
Trd, 863834.734, 97
Trd, 863834.951, 96
Trd, 863835.284, 95
Trd, 863835.684, 101
Trd, 863836.051, 96
Trd, 863837.201, 96
Trd, 863837.234, 97
Trd, 863837.518, 97
Trd, 863837.584, 104
Trd, 863838.434, 100
Trd, 863838.618, 99
Trd, 863838.634, 98
Trd, 863838.951, 101
Trd, 863839.284, 100
Trd, 863839.918, 99
Trd, 863840.218, 95
Trd, 863840.351, 101
Trd, 863841.168, 101
Trd, 863841.401, 100
Trd, 863841.568, 93
Trd, 863842.268, 94
Trd, 863842.368, 90
Trd, 863842.718, 88
Trd, 863843.134, 86
Trd, 863843.568, 88
Trd, 863844.234, 94
Trd, 863844.334, 95
Trd, 863844.768, 108
Trd, 863845.101, 101
Trd, 863845.184, 110
Trd, 863846.301, 114
Trd, 863847.268, 113
Trd, 863847.584, 116
Trd, 863847.734, 117
Trd, 863847.918, 116
Trd, 863847.984, 119
Trd, 863848.101, 115
Trd, 863848.501, 107
Trd, 863848.551, 106
Trd, 863848.868, 116
Trd, 863849.001, 119
Trd, 863849.184, 105
Trd, 863849.318, 104
Trd, 863850.668, 100
Trd, 863850.684, 99
Trd, 863851.218, 99
Trd, 863851.751, 99
Trd, 863851.801, 99
Trd, 863852.334, 95
Trd, 863852.568, 97
Trd, 863853.384, 97
Trd, 863853.651, 96
Trd, 863853.818, 93
Trd, 863854.801, 94
Trd, 863854.901, 98
Trd, 863854.984, 95
Trd, 863855.051, 101
Trd, 863855.351, 107
Trd, 863855.851, 96
Trd, 863856.201, 98
Trd, 863857.268, 100
Trd, 863857.718, 99
Trd, 863857.768, 112
Trd, 863857.834, 96
Trd, 863858.184, 95
Trd, 863858.851, 93
Trd, 863859.301, 107
Trd, 863859.384, 106
Trd, 863859.468, 107
Trd, 863859.551, 108
Trd, 863859.718, 105
Trd, 863860.918, 115
Trd, 863862.234, 99
Trd, 863862.451, 102
Trd, 863862.701, 107
Trd, 863864.201, 108
Trd, 863864.401, 108
Trd, 863864.901, 109
Trd, 863865.234, 108
Trd, 863865.318, 107
Trd, 863865.401, 104
Trd, 863866.268, 105
Trd, 863866.284, 106
Trd, 863867.001, 104
Trd, 863867.351, 105
Trd, 863867.434, 105
Trd, 863867.884, 115
Trd, 863868.601, 105
Trd, 863868.751, 106
Trd, 863868.984, 104
Trd, 863869.051, 103
Trd, 863869.118, 101
Trd, 863869.601, 117
Trd, 863870.001, 115
Trd, 863870.068, 116
Trd, 863870.268, 96
Trd, 863870.701, 96
Trd, 863870.918, 95
Trd, 863871.168, 103
Trd, 863871.384, 104
Trd, 863871.918, 91
Trd, 863872.168, 85
Trd, 863872.568, 96
Trd, 863872.851, 111
Trd, 863873.684, 92
Trd, 863874.051, 109
Trd, 863874.368, 94
Trd, 863875.301, 100
Trd, 863876.151, 104
Trd, 863876.301, 105
Trd, 863876.418, 105
Trd, 863876.568, 105
Trd, 863876.618, 106
Trd, 863876.718, 107
Trd, 863877.118, 103
Trd, 863878.351, 106
Trd, 863878.734, 109
Trd, 863878.751, 105
Trd, 863879.368, 105
Trd, 863880.234, 111
Trd, 863880.384, 104
Trd, 863880.584, 113
Trd, 863880.968, 101
Trd, 863881.768, 121
Trd, 863882.501, 107
Trd, 863882.551, 106
Trd, 863882.934, 105
Trd, 863883.768, 108
Trd, 863883.801, 110
Trd, 863884.318, 109
Trd, 863884.368, 108
Trd, 863884.518, 108
Trd, 863885.601, 106
Trd, 863885.651, 104
Trd, 863885.684, 96
Trd, 863885.718, 95
Trd, 863887.384, 96
Trd, 863887.534, 95
Trd, 863887.618, 94
Trd, 863887.718, 104
Trd, 863888.184, 105
Trd, 863888.318, 107
Trd, 863888.851, 107
Trd, 863888.951, 109
Trd, 863889.118, 95
Trd, 863889.701, 94
Trd, 863890.151, 112
Trd, 863890.918, 109
Trd, 863891.234, 95
Trd, 863891.401, 105
Trd, 863891.518, 112
Trd, 863892.451, 100
Trd, 863892.568, 113
Trd, 863892.834, 103
Trd, 863893.118, 105
Trd, 863893.234, 106
Trd, 863893.351, 105
Trd, 863893.484, 101
Trd, 863894.184, 95
Trd, 863896.101, 93
Trd, 863897.151, 98
Trd, 863897.351, 95
Trd, 863897.484, 94
Trd, 863897.634, 94
Trd, 863897.868, 98
Trd, 863898.201, 102
Trd, 863898.701, 102
Trd, 863899.051, 103
Trd, 863899.184, 102
Trd, 863899.284, 103
Trd, 863899.784, 104
Trd, 863899.801, 111
Trd, 863900.184, 104
Trd, 863900.634, 104
Trd, 863901.168, 104
Trd, 863901.284, 98
Trd, 863901.834, 93
Trd, 863902.068, 103
Trd, 863903.068, 100
Trd, 863903.268, 102
Trd, 863903.418, 103
Trd, 863903.668, 104
Trd, 863903.868, 104
Trd, 863903.951, 103
Trd, 863904.601, 119
Trd, 863904.668, 102
Trd, 863904.684, 121
Trd, 863904.884, 110
Trd, 863905.068, 113
Trd, 863905.368, 98
Trd, 863905.868, 96
Trd, 863906.701, 95
Trd, 863907.084, 104
Trd, 863908.551, 103
Trd, 863908.734, 95
Trd, 863909.101, 101
Trd, 863909.634, 104
Trd, 863909.884, 105
Trd, 863910.134, 100
Trd, 863910.501, 101
Trd, 863910.934, 104
Trd, 863911.001, 103
Trd, 863911.518, 112
Trd, 863911.768, 113
Trd, 863912.584, 106
Trd, 863912.768, 106
Trd, 863912.884, 107
Trd, 863913.768, 109
Trd, 863913.984, 108
Trd, 863914.018, 106
Trd, 863914.034, 98
Trd, 863914.201, 111
Trd, 863915.101, 98
Trd, 863915.251, 91
Trd, 863915.268, 90
Trd, 863915.318, 103
Trd, 863915.951, 103
Trd, 863916.251, 97
Trd, 863917.101, 99
Trd, 863917.218, 106
Trd, 863918.384, 104
Trd, 863918.651, 104
Trd, 863918.884, 104
Trd, 863918.984, 104
Trd, 863919.101, 105
Trd, 863919.334, 104
Trd, 863919.768, 99
Trd, 863920.301, 120
Trd, 863921.118, 121
Trd, 863921.268, 104
Trd, 863921.851, 105
Trd, 863921.968, 113
Trd, 863922.084, 106
Trd, 863923.101, 109
Trd, 863923.151, 106
Trd, 863923.451, 111
Trd, 863923.801, 104
Trd, 863925.334, 106
Trd, 863925.601, 107
Trd, 863926.184, 106
Trd, 863926.368, 109
Trd, 863926.534, 108
Trd, 863927.468, 107
Trd, 863927.534, 106
Trd, 863928.651, 114
Trd, 863928.768, 118
Trd, 863929.134, 107
Trd, 863929.451, 107
Trd, 863929.651, 106
Trd, 863930.234, 107
Trd, 863930.551, 104
Trd, 863930.834, 110
Trd, 863930.851, 93
Trd, 863931.801, 112
Trd, 863932.068, 101
Trd, 863932.568, 103
Trd, 863933.001, 104
Trd, 863933.434, 109
Trd, 863933.734, 105
Trd, 863933.934, 105
Trd, 863934.018, 109
Trd, 863934.284, 105
Trd, 863934.451, 100
Trd, 863935.818, 104
Trd, 863936.201, 103
Trd, 863936.668, 102
Trd, 863936.768, 98
Trd, 863936.818, 95
Trd, 863937.851, 102
Trd, 863939.068, 103
Trd, 863939.334, 101
Trd, 863939.584, 100
Trd, 863939.751, 100
Trd, 863940.184, 104
Trd, 863940.618, 107
Trd, 863940.634, 106
Trd, 863940.668, 108
Trd, 863941.601, 107
Trd, 863941.718, 108
Trd, 863941.818, 113
Trd, 863942.001, 116
Trd, 863942.184, 108
Trd, 863942.218, 106
Trd, 863942.268, 105
Trd, 863942.701, 99
Trd, 863942.768, 98
Trd, 863943.218, 116
Trd, 863943.368, 107
Trd, 863943.451, 95
Trd, 863944.501, 95
Trd, 863945.851, 98
Trd, 863945.951, 97
Trd, 863946.168, 98
Trd, 863946.718, 102
Trd, 863947.151, 96
Trd, 863948.118, 98
Trd, 863948.184, 101
Trd, 863948.418, 105
Trd, 863948.618, 99
Trd, 863948.801, 99
Trd, 863948.934, 97
Trd, 863948.951, 109
Trd, 863950.068, 101
Trd, 863950.118, 102
Trd, 863950.151, 99
Trd, 863950.551, 99
Trd, 863950.868, 99
Trd, 863951.368, 102
Trd, 863951.484, 98
Trd, 863952.568, 100
Trd, 863952.818, 101
Trd, 863952.851, 98
Trd, 863953.001, 101
Trd, 863953.734, 103
Trd, 863953.984, 102
Trd, 863954.101, 101
Trd, 863954.884, 99
Trd, 863955.034, 101
Trd, 863955.568, 101
Trd, 863955.784, 99
Trd, 863956.501, 99
Trd, 863956.818, 99
Trd, 863956.918, 100
Trd, 863956.968, 98
Trd, 863957.268, 105
Trd, 863957.484, 96
Trd, 863958.368, 100
Trd, 863958.484, 103
Trd, 863958.534, 99
Trd, 863958.984, 99
Trd, 863960.251, 101
Trd, 863960.668, 100
Trd, 863961.001, 101
Trd, 863961.734, 99
Trd, 863962.118, 98
Trd, 863962.301, 97
Trd, 863962.784, 99
Trd, 863963.051, 93
Trd, 863963.384, 98
Trd, 863963.401, 95
Trd, 863963.468, 94
Trd, 863963.701, 94
Trd, 863964.068, 95
Trd, 863964.251, 96
Trd, 863964.584, 96
Trd, 863964.951, 95
Trd, 863965.751, 101
Trd, 863965.884, 102
Trd, 863966.068, 103
Trd, 863966.468, 104
Trd, 863966.734, 103
Trd, 863966.851, 104
Trd, 863967.134, 105
Trd, 863967.701, 98
Trd, 863967.934, 101
Trd, 863968.951, 101
Trd, 863969.251, 99
Trd, 863970.084, 100
Trd, 863970.584, 106
Trd, 863971.751, 99
Trd, 863971.784, 98
Trd, 863971.968, 94
Trd, 863972.084, 94
Trd, 863972.734, 93
Trd, 863972.851, 102
Trd, 863973.084, 101
Trd, 863973.101, 104
Trd, 863974.018, 98
Trd, 863974.451, 100
Trd, 863974.834, 102
Trd, 863974.851, 108
Trd, 863974.934, 102
Trd, 863975.168, 123
Trd, 863975.534, 100
Trd, 863976.084, 118
Trd, 863976.434, 108
Trd, 863977.501, 104
Trd, 863977.601, 104
Trd, 863977.918, 98
Trd, 863978.084, 104
Trd, 863978.368, 104
Trd, 863978.951, 97
Trd, 863979.184, 112
Trd, 863979.934, 98
Trd, 863980.034, 97
Trd, 863980.268, 96
Trd, 863981.551, 101
Trd, 863981.801, 102
Trd, 863982.234, 104
Trd, 863982.551, 105
Trd, 863982.918, 105
Trd, 863982.951, 105
Trd, 863983.251, 104
Trd, 863983.401, 110
Trd, 863983.451, 121
Trd, 863984.034, 102
Trd, 863984.184, 112
Trd, 863984.251, 101
Trd, 863985.634, 100
Trd, 863985.668, 99
Trd, 863985.784, 106
Trd, 863985.951, 98
Trd, 863986.001, 95
Trd, 863986.118, 107
Trd, 863986.584, 95
Trd, 863986.751, 112
Trd, 863987.384, 105
Trd, 863987.934, 97
Trd, 863987.968, 112
Trd, 863988.284, 98
Trd, 863988.951, 99
Trd, 863989.684, 113
Trd, 863989.968, 104
Trd, 863990.918, 105
Trd, 863990.934, 111
Trd, 863991.318, 112
Trd, 863991.551, 104
Trd, 863991.618, 103
Trd, 863993.084, 99
Trd, 863993.134, 98
Trd, 863993.168, 95
Trd, 863993.401, 101
Trd, 863993.618, 104
Trd, 863993.734, 116
Trd, 863993.801, 92
Trd, 863995.234, 100
Trd, 863995.401, 99
Trd, 863995.618, 101
Trd, 863995.868, 98
Trd, 863996.151, 98
Trd, 863996.368, 97
Trd, 863996.968, 95
Trd, 863997.434, 94
Trd, 863997.834, 100
Trd, 863997.984, 99
Trd, 863998.301, 98
Trd, 863998.318, 94
Trd, 863998.968, 93
Trd, 863998.984, 96
Trd, 863999.251, 95
Trd, 863999.668, 99
Trd, 863999.851, 104
