Trd, 863312.568, 93
Trd, 863312.634, 104
Trd, 863312.651, 89
Trd, 863312.668, 88
Trd, 863312.834, 107
Trd, 863313.668, 91
Trd, 863313.684, 90
Trd, 863314.284, 102
Trd, 863315.018, 102
Trd, 863315.684, 100
Trd, 863315.884, 99
Trd, 863315.901, 99
Trd, 863316.068, 98
Trd, 863316.084, 98
Trd, 863316.501, 101
Trd, 863316.901, 102
Trd, 863317.318, 84
Trd, 863318.268, 95
Trd, 863318.951, 98
Trd, 863319.684, 93
Trd, 863320.051, 97
Trd, 863320.668, 96
Trd, 863320.784, 94
Trd, 863321.101, 93
Trd, 863321.568, 93
Trd, 863321.668, 91
Trd, 863321.951, 84
Trd, 863322.734, 88
Trd, 863322.818, 89
Trd, 863322.868, 91
Trd, 863323.901, 100
Trd, 863324.468, 99
Trd, 863325.101, 91
Trd, 863325.518, 91
Trd, 863325.668, 99
Trd, 863325.684, 90
Trd, 863325.901, 83
Trd, 863326.218, 98
Trd, 863326.818, 87
Trd, 863327.451, 89
Trd, 863327.468, 90
Trd, 863327.968, 98
Trd, 863328.351, 100
Trd, 863328.684, 108
Trd, 863328.884, 100
Trd, 863330.801, 106
Trd, 863330.884, 106
Trd, 863331.084, 103
Trd, 863331.134, 107
Trd, 863331.184, 101
Trd, 863331.734, 108
Trd, 863332.634, 97
Trd, 863333.118, 93
Trd, 863333.368, 98
Trd, 863333.818, 99
Trd, 863333.934, 100
Trd, 863334.234, 101
Trd, 863334.901, 93
Trd, 863335.434, 97
Trd, 863335.501, 99
Trd, 863335.801, 104
Trd, 863336.068, 106
Trd, 863336.184, 107
Trd, 863336.368, 104
Trd, 863336.734, 111
Trd, 863337.601, 102
Trd, 863337.801, 108
Trd, 863338.118, 101
Trd, 863338.251, 98
Trd, 863339.101, 94
Trd, 863339.601, 93
Trd, 863340.068, 93
Trd, 863340.618, 100
Trd, 863340.901, 97
Trd, 863341.251, 96
Trd, 863341.318, 95
Trd, 863341.584, 109
Trd, 863342.018, 104
Trd, 863342.284, 97
Trd, 863343.418, 96
Trd, 863343.451, 92
Trd, 863344.368, 92
Trd, 863344.384, 93
Trd, 863344.651, 94
Trd, 863344.668, 84
Trd, 863345.201, 96
Trd, 863345.668, 96
Trd, 863345.934, 97
Trd, 863346.084, 99
Trd, 863346.118, 93
Trd, 863346.184, 92
Trd, 863346.218, 90
Trd, 863347.084, 100
Trd, 863347.784, 90
Trd, 863348.151, 94
Trd, 863348.268, 95
Trd, 863348.484, 99
Trd, 863348.618, 92
Trd, 863349.234, 104
Trd, 863349.384, 92
Trd, 863349.818, 102
Trd, 863350.084, 92
Trd, 863350.501, 100
Trd, 863351.284, 97
Trd, 863351.368, 98
Trd, 863351.418, 94
Trd, 863351.801, 105
Trd, 863352.068, 105
Trd, 863352.468, 98
Trd, 863352.884, 99
Trd, 863353.151, 94
Trd, 863354.218, 88
Trd, 863354.468, 102
Trd, 863355.301, 85
Trd, 863355.668, 92
Trd, 863356.101, 89
Trd, 863356.168, 99
Trd, 863356.634, 88
Trd, 863357.701, 95
Trd, 863357.951, 96
Trd, 863357.984, 94
Trd, 863358.434, 89
Trd, 863358.868, 96
Trd, 863358.934, 91
Trd, 863359.418, 90
Trd, 863360.834, 96
Trd, 863361.934, 95
Trd, 863362.134, 95
Trd, 863362.251, 96
Trd, 863362.734, 95
Trd, 863362.884, 98
Trd, 863363.068, 94
Trd, 863363.384, 94
Trd, 863363.834, 94
Trd, 863364.268, 96
Trd, 863364.501, 97
Trd, 863364.968, 99
Trd, 863365.018, 95
Trd, 863365.551, 108
Trd, 863365.918, 91
Trd, 863366.101, 106
Trd, 863366.201, 93
Trd, 863366.568, 98
Trd, 863366.768, 93
Trd, 863367.268, 94
Trd, 863368.201, 109
Trd, 863368.218, 107
Trd, 863368.668, 102
Trd, 863368.801, 101
Trd, 863369.034, 109
Trd, 863369.834, 102
Trd, 863370.151, 100
Trd, 863370.251, 104
Trd, 863371.418, 92
Trd, 863371.951, 92
Trd, 863372.084, 92
Trd, 863372.118, 99
Trd, 863372.468, 88
Trd, 863372.634, 98
Trd, 863373.084, 98
Trd, 863373.268, 90
Trd, 863373.801, 98
Trd, 863374.101, 105
Trd, 863374.518, 94
Trd, 863375.218, 95
Trd, 863375.334, 94
Trd, 863375.651, 113
Trd, 863375.801, 110
Trd, 863375.818, 92
Trd, 863375.834, 91
Trd, 863376.368, 87
Trd, 863376.868, 108
Trd, 863376.984, 108
Trd, 863377.834, 109
Trd, 863378.568, 81
Trd, 863378.668, 92
Trd, 863379.201, 101
Trd, 863379.451, 96
Trd, 863379.468, 95
Trd, 863381.001, 89
Trd, 863381.134, 93
Trd, 863381.151, 95
Trd, 863381.534, 85
Trd, 863381.834, 98
Trd, 863382.334, 87
Trd, 863383.918, 95
Trd, 863384.001, 87
Trd, 863384.018, 96
Trd, 863384.101, 85
Trd, 863385.301, 98
Trd, 863385.551, 98
Trd, 863385.934, 94
Trd, 863386.684, 94
Trd, 863386.984, 96
Trd, 863387.318, 93
Trd, 863387.418, 95
Trd, 863387.884, 96
Trd, 863387.918, 97
Trd, 863388.384, 95
Trd, 863388.584, 106
Trd, 863389.201, 95
Trd, 863389.234, 106
Trd, 863390.401, 96
Trd, 863390.484, 101
Trd, 863390.734, 102
Trd, 863390.768, 97
Trd, 863390.934, 108
Trd, 863391.018, 108
Trd, 863391.601, 110
Trd, 863391.818, 99
Trd, 863392.201, 92
Trd, 863392.301, 103
Trd, 863392.634, 111
Trd, 863392.951, 92
Trd, 863393.218, 113
Trd, 863394.718, 98
Trd, 863395.551, 99
Trd, 863396.018, 98
Trd, 863396.368, 96
Trd, 863396.618, 97
Trd, 863396.951, 97
Trd, 863397.618, 92
Trd, 863398.201, 93
Trd, 863398.334, 91
Trd, 863398.401, 97
Trd, 863398.701, 101
Trd, 863398.718, 100
Trd, 863399.451, 102
Trd, 863399.868, 102
Trd, 863400.534, 100
Trd, 863400.701, 98
Trd, 863401.001, 101
Trd, 863401.101, 102
Trd, 863401.368, 106
Trd, 863401.434, 113
Trd, 863401.584, 115
Trd, 863401.634, 97
Trd, 863401.884, 91
Trd, 863402.101, 90
Trd, 863402.284, 80
Trd, 863403.101, 83
Trd, 863403.134, 88
Trd, 863403.901, 87
Trd, 863404.551, 100
Trd, 863405.534, 110
Trd, 863405.668, 110
Trd, 863406.001, 111
Trd, 863406.051, 110
Trd, 863406.134, 111
Trd, 863407.401, 100
Trd, 863407.601, 100
Trd, 863407.651, 99
Trd, 863407.901, 99
Trd, 863408.251, 100
Trd, 863408.901, 99
Trd, 863409.134, 102
Trd, 863409.284, 103
Trd, 863409.434, 99
Trd, 863409.851, 98
Trd, 863410.118, 94
Trd, 863410.601, 96
Trd, 863410.901, 97
Trd, 863411.201, 94
Trd, 863411.601, 92
Trd, 863412.018, 85
Trd, 863413.051, 103
Trd, 863413.151, 101
Trd, 863414.101, 97
Trd, 863414.568, 99
Trd, 863415.634, 93
Trd, 863416.418, 93
Trd, 863416.451, 94
Trd, 863416.868, 96
Trd, 863417.101, 94
Trd, 863417.201, 93
Trd, 863417.534, 90
Trd, 863417.651, 97
Trd, 863418.568, 96
Trd, 863418.818, 96
Trd, 863418.934, 98
Trd, 863419.251, 91
Trd, 863419.534, 106
Trd, 863420.801, 100
Trd, 863420.901, 99
Trd, 863421.101, 91
Trd, 863421.701, 88
Trd, 863422.101, 88
Trd, 863422.368, 87
Trd, 863422.634, 86
Trd, 863422.901, 85
Trd, 863423.034, 88
Trd, 863423.534, 90
Trd, 863424.401, 89
Trd, 863424.951, 90
Trd, 863425.018, 95
Trd, 863425.251, 87
Trd, 863425.518, 99
Trd, 863426.801, 90
Trd, 863427.168, 90
Trd, 863427.351, 90
Trd, 863427.601, 91
Trd, 863427.651, 93
Trd, 863428.118, 104
Trd, 863428.301, 87
Trd, 863428.584, 113
Trd, 863429.784, 90
Trd, 863429.818, 100
Trd, 863429.884, 89
Trd, 863430.351, 105
Trd, 863430.568, 104
Trd, 863431.101, 104
Trd, 863431.851, 105
Trd, 863432.168, 114
Trd, 863432.218, 91
Trd, 863432.401, 97
Trd, 863433.251, 98
Trd, 863433.268, 97
Trd, 863433.384, 96
Trd, 863434.001, 99
Trd, 863434.218, 109
Trd, 863434.484, 101
Trd, 863434.818, 90
Trd, 863435.901, 90
Trd, 863436.684, 87
Trd, 863436.918, 86
Trd, 863437.051, 83
Trd, 863437.068, 79
Trd, 863437.368, 87
Trd, 863437.918, 90
Trd, 863438.051, 91
Trd, 863438.068, 93
Trd, 863438.401, 92
Trd, 863438.534, 100
Trd, 863438.684, 92
Trd, 863439.568, 99
Trd, 863439.868, 99
Trd, 863440.068, 99
Trd, 863440.084, 98
Trd, 863440.468, 94
Trd, 863440.701, 103
Trd, 863441.101, 108
Trd, 863441.784, 106
Trd, 863441.918, 111
Trd, 863442.168, 118
Trd, 863442.368, 97
Trd, 863442.668, 117
Trd, 863442.901, 96
Trd, 863443.384, 93
Trd, 863444.901, 94
Trd, 863445.284, 94
Trd, 863445.518, 93
Trd, 863446.451, 88
Trd, 863447.601, 89
Trd, 863447.784, 90
Trd, 863447.968, 93
Trd, 863448.051, 91
Trd, 863448.268, 93
Trd, 863448.368, 94
Trd, 863448.484, 109
Trd, 863448.568, 110
Trd, 863449.201, 93
Trd, 863449.618, 90
Trd, 863450.934, 98
Trd, 863451.268, 99
Trd, 863451.301, 94
Trd, 863451.651, 98
Trd, 863451.784, 99
Trd, 863452.201, 105
Trd, 863452.218, 98
Trd, 863452.418, 106
Trd, 863452.518, 106
Trd, 863452.651, 99
Trd, 863452.984, 109
Trd, 863453.701, 109
Trd, 863454.034, 100
Trd, 863454.134, 113
Trd, 863454.551, 108
Trd, 863454.734, 99
Trd, 863454.934, 99
Trd, 863456.301, 98
Trd, 863456.818, 98
Trd, 863457.501, 88
Trd, 863457.568, 96
Trd, 863458.301, 88
Trd, 863458.368, 89
Trd, 863459.118, 91
Trd, 863459.301, 91
Trd, 863459.734, 92
Trd, 863460.301, 94
Trd, 863460.368, 93
Trd, 863460.468, 100
Trd, 863460.618, 102
Trd, 863460.984, 113
Trd, 863461.234, 103
Trd, 863462.418, 95
Trd, 863462.618, 94
Trd, 863462.868, 87
Trd, 863463.034, 102
Trd, 863463.384, 90
Trd, 863463.884, 90
Trd, 863464.134, 89
Trd, 863465.034, 92
Trd, 863465.368, 93
Trd, 863465.751, 80
Trd, 863465.868, 93
Trd, 863466.818, 91
Trd, 863466.934, 90
Trd, 863467.234, 89
Trd, 863467.501, 86
Trd, 863467.684, 88
Trd, 863467.884, 90
Trd, 863469.018, 90
Trd, 863469.418, 97
Trd, 863469.551, 101
Trd, 863469.634, 86
Trd, 863469.668, 102
Trd, 863469.901, 103
Trd, 863470.684, 115
Trd, 863470.768, 108
Trd, 863471.218, 104
Trd, 863471.718, 95
Trd, 863471.968, 95
Trd, 863472.551, 96
Trd, 863472.668, 96
Trd, 863472.818, 96
Trd, 863472.984, 95
Trd, 863473.284, 95
Trd, 863474.034, 98
Trd, 863474.534, 105
Trd, 863475.501, 101
Trd, 863475.534, 100
Trd, 863475.801, 103
Trd, 863476.351, 106
Trd, 863476.551, 108
Trd, 863476.601, 101
Trd, 863476.801, 108
Trd, 863477.234, 99
Trd, 863477.818, 110
Trd, 863477.934, 98
Trd, 863478.201, 108
Trd, 863480.318, 83
Trd, 863480.751, 82
Trd, 863481.418, 82
Trd, 863481.568, 83
Trd, 863481.934, 82
Trd, 863482.018, 83
Trd, 863482.084, 80
Trd, 863482.518, 84
Trd, 863482.801, 83
Trd, 863483.051, 92
Trd, 863483.134, 84
Trd, 863483.584, 92
Trd, 863484.168, 90
Trd, 863484.584, 93
Trd, 863484.634, 99
Trd, 863484.734, 90
Trd, 863485.368, 96
Trd, 863486.801, 94
Trd, 863486.818, 97
Trd, 863487.218, 94
Trd, 863487.418, 94
Trd, 863487.701, 97
Trd, 863487.918, 100
Trd, 863488.368, 100
Trd, 863488.451, 114
Trd, 863488.634, 94
Trd, 863488.951, 93
Trd, 863489.051, 107
Trd, 863490.234, 97
Trd, 863490.518, 88
Trd, 863491.001, 92
Trd, 863491.284, 102
Trd, 863491.451, 92
Trd, 863492.384, 99
Trd, 863492.484, 99
Trd, 863493.301, 103
Trd, 863493.434, 93
Trd, 863493.751, 92
Trd, 863493.818, 101
Trd, 863493.984, 86
Trd, 863494.351, 103
Trd, 863494.501, 105
Trd, 863495.601, 104
Trd, 863496.618, 107
Trd, 863496.884, 108
Trd, 863497.184, 112
Trd, 863497.284, 101
Trd, 863497.301, 100
Trd, 863497.868, 98
Trd, 863498.484, 93
Trd, 863498.601, 92
Trd, 863499.034, 94
Trd, 863499.418, 92
Trd, 863499.434, 91
Trd, 863499.951, 96
Trd, 863500.001, 82
Trd, 863500.368, 103
Trd, 863500.384, 104
Trd, 863500.934, 96
Trd, 863501.901, 98
Trd, 863502.168, 95
Trd, 863502.668, 98
Trd, 863502.751, 95
Trd, 863502.851, 99
Trd, 863503.351, 97
Trd, 863503.501, 99
Trd, 863504.151, 112
Trd, 863504.251, 92
Trd, 863505.334, 109
Trd, 863505.501, 113
Trd, 863505.534, 109
Trd, 863505.701, 106
Trd, 863506.868, 101
Trd, 863507.051, 104
Trd, 863507.118, 101
Trd, 863507.184, 107
Trd, 863507.451, 98
Trd, 863507.784, 109
Trd, 863507.834, 110
Trd, 863508.101, 110
Trd, 863509.101, 101
Trd, 863509.301, 99
Trd, 863509.418, 91
Trd, 863509.501, 109
Trd, 863510.518, 96
Trd, 863510.618, 96
Trd, 863510.701, 93
Trd, 863510.801, 97
Trd, 863511.101, 93
Trd, 863511.734, 95
Trd, 863512.418, 95
Trd, 863512.968, 96
Trd, 863513.284, 95
Trd, 863513.451, 86
Trd, 863513.601, 97
Trd, 863513.618, 97
Trd, 863514.484, 98
Trd, 863515.734, 88
Trd, 863515.918, 88
Trd, 863516.618, 89
Trd, 863517.101, 87
Trd, 863517.634, 89
Trd, 863517.684, 86
Trd, 863517.768, 85
Trd, 863518.001, 90
Trd, 863518.634, 90
Trd, 863519.418, 93
Trd, 863519.701, 92
Trd, 863519.834, 99
Trd, 863520.601, 105
Trd, 863522.184, 101
Trd, 863522.318, 100
Trd, 863522.568, 100
Trd, 863522.734, 100
Trd, 863523.751, 99
Trd, 863524.168, 100
Trd, 863524.501, 98
Trd, 863524.768, 93
Trd, 863525.551, 104
Trd, 863525.618, 103
Trd, 863526.284, 100
Trd, 863526.384, 89
Trd, 863526.434, 88
Trd, 863526.468, 105
Trd, 863526.984, 105
Trd, 863527.851, 91
Trd, 863528.534, 93
Trd, 863528.651, 105
Trd, 863528.884, 93
Trd, 863529.218, 91
Trd, 863529.534, 105
Trd, 863529.618, 86
Trd, 863530.218, 106
Trd, 863530.718, 100
Trd, 863531.018, 105
Trd, 863531.268, 101
Trd, 863531.534, 100
Trd, 863532.684, 104
Trd, 863532.884, 109
Trd, 863532.968, 110
Trd, 863533.001, 111
Trd, 863533.168, 98
Trd, 863534.001, 94
Trd, 863534.451, 94
Trd, 863535.201, 94
Trd, 863535.351, 104
Trd, 863536.268, 112
Trd, 863536.318, 98
Trd, 863536.451, 85
Trd, 863536.534, 112
Trd, 863537.168, 85
Trd, 863537.301, 95
Trd, 863538.284, 91
Trd, 863538.734, 92
Trd, 863539.168, 93
Trd, 863539.401, 94
Trd, 863539.734, 101
Trd, 863540.134, 93
Trd, 863540.534, 98
Trd, 863540.634, 100
Trd, 863541.001, 94
Trd, 863541.751, 105
Trd, 863543.151, 104
Trd, 863543.301, 103
Trd, 863544.018, 95
Trd, 863544.301, 94
Trd, 863544.568, 96
Trd, 863544.801, 97
Trd, 863544.951, 97
Trd, 863545.284, 109
Trd, 863545.451, 102
Trd, 863545.751, 113
Trd, 863546.384, 102
Trd, 863546.801, 100
Trd, 863547.201, 99
Trd, 863548.018, 98
Trd, 863548.068, 98
Trd, 863548.401, 100
Trd, 863549.151, 85
Trd, 863549.318, 97
Trd, 863549.334, 93
Trd, 863550.651, 90
Trd, 863550.701, 94
Trd, 863550.768, 94
Trd, 863550.901, 90
Trd, 863552.184, 95
Trd, 863552.751, 97
Trd, 863553.251, 101
Trd, 863553.818, 96
Trd, 863553.851, 104
Trd, 863553.884, 95
Trd, 863554.118, 94
Trd, 863554.434, 103
Trd, 863554.551, 86
Trd, 863554.751, 85
Trd, 863555.018, 102
Trd, 863555.868, 103
Trd, 863555.918, 96
Trd, 863556.034, 90
Trd, 863557.784, 84
Trd, 863558.134, 89
Trd, 863558.368, 90
Trd, 863558.384, 102
Trd, 863558.868, 108
Trd, 863559.034, 87
Trd, 863559.468, 99
Trd, 863559.768, 90
Trd, 863560.068, 90
Trd, 863560.484, 94
Trd, 863560.918, 94
Trd, 863560.984, 97
Trd, 863561.451, 97
Trd, 863561.918, 98
Trd, 863561.934, 97
Trd, 863562.584, 105
Trd, 863562.751, 109
Trd, 863563.251, 110
Trd, 863563.384, 99
Trd, 863563.401, 98
Trd, 863564.001, 101
Trd, 863564.734, 87
Trd, 863565.151, 99
Trd, 863565.401, 96
Trd, 863565.468, 107
Trd, 863566.368, 93
Trd, 863566.851, 85
Trd, 863567.084, 84
Trd, 863567.184, 96
Trd, 863568.684, 100
Trd, 863568.818, 101
Trd, 863569.068, 100
Trd, 863569.234, 101
Trd, 863569.434, 101
Trd, 863569.918, 103
Trd, 863570.084, 103
Trd, 863570.801, 98
Trd, 863571.068, 100
Trd, 863571.151, 98
Trd, 863571.501, 98
Trd, 863571.818, 101
Trd, 863571.868, 97
Trd, 863572.834, 83
Trd, 863574.084, 93
Trd, 863574.151, 94
Trd, 863574.301, 89
Trd, 863574.451, 96
Trd, 863574.468, 88
Trd, 863575.651, 94
Trd, 863575.968, 95
Trd, 863576.168, 96
Trd, 863576.368, 92
Trd, 863576.534, 81
Trd, 863576.601, 98
Trd, 863576.884, 82
Trd, 863577.018, 101
Trd, 863578.784, 95
Trd, 863578.801, 98
Trd, 863579.418, 97
Trd, 863579.584, 95
Trd, 863580.051, 96
Trd, 863580.568, 98
Trd, 863580.684, 98
Trd, 863580.734, 96
Trd, 863581.284, 95
Trd, 863581.351, 95
Trd, 863581.968, 95
Trd, 863582.351, 99
Trd, 863582.484, 100
Trd, 863582.968, 92
Trd, 863583.084, 101
Trd, 863583.518, 106
Trd, 863583.551, 106
Trd, 863583.651, 98
Trd, 863584.001, 89
Trd, 863585.418, 90
Trd, 863585.918, 99
Trd, 863586.551, 100
Trd, 863587.018, 100
Trd, 863587.284, 99
Trd, 863587.384, 100
Trd, 863587.684, 98
Trd, 863587.701, 98
Trd, 863587.834, 101
Trd, 863587.884, 89
Trd, 863587.901, 103
Trd, 863589.168, 84
Trd, 863589.301, 99
Trd, 863589.551, 101
Trd, 863589.884, 85
Trd, 863590.234, 90
Trd, 863590.801, 90
Trd, 863591.384, 93
Trd, 863591.951, 94
Trd, 863591.968, 97
Trd, 863591.984, 93
Trd, 863592.068, 103
Trd, 863592.318, 80
Trd, 863592.518, 104
Trd, 863592.868, 109
Trd, 863592.951, 109
Trd, 863594.118, 113
Trd, 863594.201, 103
Trd, 863594.234, 95
Trd, 863595.618, 88
Trd, 863596.018, 86
Trd, 863596.084, 88
Trd, 863596.618, 89
Trd, 863596.718, 88
Trd, 863596.818, 93
Trd, 863597.301, 87
Trd, 863597.601, 101
Trd, 863597.634, 113
Trd, 863598.634, 90
Trd, 863599.284, 97
Trd, 863599.618, 94
Trd, 863600.251, 96
Trd, 863600.434, 96
Trd, 863601.018, 91
Trd, 863601.118, 91
Trd, 863601.201, 108
Trd, 863601.401, 92
Trd, 863601.551, 91
Trd, 863603.051, 92
Trd, 863603.184, 95
Trd, 863603.351, 98
Trd, 863604.751, 99
Trd, 863605.701, 95
Trd, 863605.818, 98
Trd, 863606.084, 97
Trd, 863606.768, 102
Trd, 863606.884, 100
Trd, 863607.151, 103
Trd, 863607.368, 104
Trd, 863607.751, 108
Trd, 863607.834, 101
Trd, 863607.918, 98
Trd, 863608.318, 104
Trd, 863609.151, 98
Trd, 863609.568, 94
Trd, 863610.651, 105
Trd, 863610.718, 102
Trd, 863610.884, 100
Trd, 863611.184, 101
Trd, 863611.351, 100
Trd, 863611.651, 98
Trd, 863612.151, 101
Trd, 863612.734, 97
Trd, 863612.834, 97
Trd, 863612.934, 88
Trd, 863613.151, 78
Trd, 863613.601, 87
Trd, 863613.684, 99
Trd, 863614.001, 114
Trd, 863614.634, 80
Trd, 863615.318, 108
Trd, 863615.601, 92
Trd, 863616.251, 105
Trd, 863617.384, 97
Trd, 863617.468, 98
Trd, 863617.601, 94
Trd, 863617.934, 103
Trd, 863618.084, 95
Trd, 863618.484, 94
Trd, 863618.718, 96
Trd, 863618.784, 93
Trd, 863620.368, 93
Trd, 863620.534, 94
Trd, 863620.801, 94
Trd, 863620.918, 95
Trd, 863621.001, 94
Trd, 863621.084, 98
Trd, 863621.518, 104
Trd, 863621.784, 114
Trd, 863621.934, 94
Trd, 863622.318, 115
Trd, 863622.418, 91
Trd, 863622.651, 108
Trd, 863622.901, 93
Trd, 863624.151, 101
Trd, 863624.651, 99
Trd, 863625.034, 100
Trd, 863625.184, 101
Trd, 863625.968, 100
Trd, 863626.051, 98
Trd, 863626.734, 78
Trd, 863628.451, 100
Trd, 863628.551, 101
Trd, 863628.618, 101
Trd, 863628.651, 102
Trd, 863629.234, 101
Trd, 863629.284, 113
Trd, 863629.368, 114
Trd, 863629.584, 101
Trd, 863629.718, 99
Trd, 863630.301, 97
Trd, 863630.401, 99
Trd, 863630.884, 98
Trd, 863631.018, 112
Trd, 863631.418, 101
Trd, 863631.434, 107
Trd, 863631.751, 97
Trd, 863632.284, 95
Trd, 863633.268, 98
Trd, 863633.768, 101
Trd, 863633.918, 103
Trd, 863634.501, 100
Trd, 863634.768, 88
Trd, 863635.168, 89
Trd, 863635.184, 86
Trd, 863635.468, 101
Trd, 863636.251, 101
Trd, 863636.318, 104
Trd, 863636.801, 102
Trd, 863636.818, 96
Trd, 863637.634, 101
Trd, 863637.768, 102
Trd, 863638.284, 106
Trd, 863639.334, 102
Trd, 863639.451, 98
Trd, 863639.484, 105
Trd, 863640.001, 96
Trd, 863640.634, 105
Trd, 863640.768, 89
Trd, 863641.884, 105
Trd, 863642.384, 97
Trd, 863642.634, 99
Trd, 863642.651, 106
Trd, 863643.484, 99
Trd, 863643.901, 107
Trd, 863644.151, 90
Trd, 863644.268, 104
Trd, 863644.768, 100
Trd, 863646.201, 97
Trd, 863646.318, 96
Trd, 863646.684, 97
Trd, 863646.801, 101
Trd, 863646.984, 97
Trd, 863647.734, 100
Trd, 863647.918, 101
Trd, 863648.468, 103
Trd, 863648.884, 105
Trd, 863649.201, 104
Trd, 863649.384, 109
Trd, 863649.701, 103
Trd, 863650.284, 102
Trd, 863650.634, 102
Trd, 863651.751, 101
Trd, 863652.218, 102
Trd, 863652.351, 101
Trd, 863652.484, 103
Trd, 863652.751, 101
Trd, 863652.934, 100
Trd, 863652.984, 106
Trd, 863653.001, 107
Trd, 863653.334, 99
Trd, 863654.851, 104
Trd, 863654.918, 103
Trd, 863654.934, 102
Trd, 863655.468, 102
Trd, 863655.618, 103
Trd, 863655.868, 98
Trd, 863655.918, 94
Trd, 863656.251, 110
Trd, 863656.268, 90
Trd, 863656.701, 113
Trd, 863657.168, 101
Trd, 863657.701, 102
Trd, 863658.584, 112
Trd, 863658.684, 115
Trd, 863659.018, 102
Trd, 863659.334, 105
Trd, 863659.868, 102
Trd, 863660.101, 101
Trd, 863660.168, 98
Trd, 863661.118, 106
Trd, 863661.168, 109
Trd, 863661.834, 106
Trd, 863662.168, 101
Trd, 863662.184, 96
Trd, 863663.151, 96
Trd, 863663.201, 96
Trd, 863663.218, 97
Trd, 863663.284, 99
Trd, 863663.401, 104
Trd, 863663.484, 95
Trd, 863663.501, 91
Trd, 863663.868, 108
Trd, 863664.218, 109
Trd, 863664.234, 89
Trd, 863665.434, 92
Trd, 863666.568, 105
Trd, 863667.118, 99
Trd, 863668.084, 103
Trd, 863668.151, 104
Trd, 863669.351, 111
Trd, 863669.434, 108
Trd, 863669.551, 106
Trd, 863669.651, 111
Trd, 863669.668, 105
Trd, 863670.234, 98
Trd, 863670.651, 93
Trd, 863670.901, 95
Trd, 863671.234, 94
Trd, 863671.251, 96
Trd, 863671.451, 83
Trd, 863671.518, 98
Trd, 863672.284, 85
Trd, 863673.201, 97
Trd, 863673.534, 88
Trd, 863673.918, 98
Trd, 863674.334, 99
Trd, 863675.068, 103
Trd, 863675.101, 98
Trd, 863675.184, 98
Trd, 863675.618, 105
Trd, 863676.501, 106
Trd, 863677.534, 102
Trd, 863677.934, 102
Trd, 863678.168, 104
Trd, 863678.218, 99
Trd, 863678.534, 99
Trd, 863678.968, 100
Trd, 863679.234, 99
Trd, 863679.484, 99
Trd, 863679.651, 99
Trd, 863680.001, 101
Trd, 863680.251, 99
Trd, 863680.534, 99
Trd, 863681.168, 98
Trd, 863681.368, 112
Trd, 863681.434, 85
Trd, 863681.918, 110
Trd, 863682.651, 95
Trd, 863682.784, 105
Trd, 863683.734, 100
Trd, 863684.318, 99
Trd, 863684.868, 99
Trd, 863685.268, 98
Trd, 863685.401, 87
Trd, 863686.018, 97
Trd, 863686.301, 98
Trd, 863686.468, 109
Trd, 863686.518, 110
Trd, 863686.834, 111
Trd, 863686.868, 88
Trd, 863687.018, 113
Trd, 863688.151, 89
Trd, 863688.351, 88
Trd, 863689.451, 87
Trd, 863689.701, 86
Trd, 863690.184, 88
Trd, 863690.501, 87
Trd, 863691.068, 90
Trd, 863691.134, 92
Trd, 863692.068, 103
Trd, 863692.151, 96
Trd, 863692.351, 95
Trd, 863692.818, 106
Trd, 863692.834, 105
Trd, 863693.018, 105
Trd, 863694.318, 104
Trd, 863694.384, 103
Trd, 863695.184, 91
Trd, 863695.268, 107
Trd, 863696.018, 102
Trd, 863696.901, 96
Trd, 863696.918, 92
Trd, 863697.068, 100
Trd, 863697.201, 101
Trd, 863697.351, 101
Trd, 863697.468, 103
Trd, 863697.684, 104
Trd, 863699.151, 97
Trd, 863699.384, 98
Trd, 863699.568, 99
Trd, 863699.584, 98
Trd, 863699.901, 99
Trd, 863700.184, 97
Trd, 863700.551, 86
Trd, 863700.601, 98
Trd, 863701.084, 98
Trd, 863702.384, 101
Trd, 863702.468, 94
Trd, 863703.118, 99
Trd, 863703.984, 99
Trd, 863704.084, 100
Trd, 863704.801, 100
Trd, 863705.101, 103
Trd, 863705.118, 102
Trd, 863705.751, 98
Trd, 863706.118, 98
Trd, 863706.184, 97
Trd, 863706.268, 100
Trd, 863706.601, 104
Trd, 863706.834, 106
Trd, 863707.701, 81
Trd, 863708.101, 89
Trd, 863708.668, 92
Trd, 863709.034, 83
Trd, 863709.084, 112
Trd, 863710.034, 104
Trd, 863711.334, 102
Trd, 863711.701, 101
Trd, 863711.951, 99
Trd, 863711.984, 98
Trd, 863712.534, 99
Trd, 863712.818, 99
Trd, 863712.851, 100
Trd, 863712.951, 105
Trd, 863713.251, 97
Trd, 863714.018, 93
Trd, 863714.301, 102
Trd, 863714.518, 103
Trd, 863714.668, 92
Trd, 863715.651, 93
Trd, 863715.734, 92
Trd, 863715.784, 100
Trd, 863716.351, 103
Trd, 863716.768, 103
Trd, 863717.701, 92
Trd, 863718.034, 92
Trd, 863718.084, 91
Trd, 863718.451, 103
Trd, 863718.918, 82
Trd, 863719.484, 98
Trd, 863719.934, 98
Trd, 863720.651, 97
Trd, 863721.234, 91
Trd, 863721.318, 107
Trd, 863721.868, 107
Trd, 863722.068, 90
Trd, 863722.451, 102
Trd, 863723.351, 82
Trd, 863723.468, 91
Trd, 863723.668, 95
Trd, 863724.051, 100
Trd, 863724.534, 99
Trd, 863724.568, 101
Trd, 863725.434, 92
Trd, 863727.168, 96
Trd, 863727.384, 97
Trd, 863727.401, 101
Trd, 863727.518, 108
Trd, 863727.534, 97
Trd, 863728.134, 96
Trd, 863728.484, 95
Trd, 863728.718, 97
Trd, 863729.001, 98
Trd, 863729.284, 96
Trd, 863729.618, 89
Trd, 863729.701, 99
Trd, 863729.801, 114
Trd, 863730.768, 102
Trd, 863731.184, 88
Trd, 863731.268, 87
Trd, 863731.318, 106
Trd, 863731.518, 95
Trd, 863732.118, 110
Trd, 863732.168, 111
Trd, 863733.084, 91
Trd, 863733.584, 107
Trd, 863735.151, 87
Trd, 863735.784, 88
Trd, 863736.718, 82
Trd, 863736.834, 81
Trd, 863736.884, 86
Trd, 863737.618, 89
Trd, 863737.918, 90
Trd, 863738.718, 95
Trd, 863739.001, 100
Trd, 863739.634, 96
Trd, 863739.668, 94
Trd, 863739.901, 92
Trd, 863740.034, 105
Trd, 863740.784, 95
Trd, 863741.234, 97
Trd, 863741.268, 104
Trd, 863741.368, 114
Trd, 863741.418, 118
Trd, 863742.634, 111
Trd, 863743.218, 113
Trd, 863743.834, 100
Trd, 863744.201, 104
Trd, 863744.568, 100
Trd, 863744.951, 105
Trd, 863744.984, 98
Trd, 863745.084, 107
Trd, 863747.051, 100
Trd, 863747.518, 100
Trd, 863747.651, 100
Trd, 863747.701, 94
Trd, 863748.151, 85
Trd, 863748.501, 94
Trd, 863748.551, 104
Trd, 863748.684, 105
Trd, 863749.134, 106
Trd, 863749.501, 106
Trd, 863749.701, 98
Trd, 863750.051, 111
Trd, 863750.251, 95
Trd, 863750.568, 110
Trd, 863750.951, 112
Trd, 863751.268, 81
Trd, 863751.851, 82
Trd, 863752.718, 91
Trd, 863753.184, 92
Trd, 863753.218, 93
Trd, 863753.268, 95
Trd, 863753.418, 91
Trd, 863753.984, 91
Trd, 863754.084, 91
Trd, 863754.784, 104
Trd, 863754.951, 84
Trd, 863756.384, 98
Trd, 863757.684, 98
Trd, 863757.918, 97
Trd, 863757.984, 99
Trd, 863758.168, 97
Trd, 863758.584, 105
Trd, 863758.884, 109
Trd, 863759.151, 110
Trd, 863759.168, 92
Trd, 863759.934, 98
Trd, 863760.001, 98
Trd, 863760.118, 92
Trd, 863760.718, 89
Trd, 863762.551, 101
Trd, 863762.684, 102
Trd, 863762.868, 102
Trd, 863763.201, 98
Trd, 863763.234, 97
Trd, 863763.368, 96
Trd, 863764.734, 96
Trd, 863765.018, 86
Trd, 863766.001, 91
Trd, 863766.518, 86
Trd, 863766.818, 97
Trd, 863767.101, 105
Trd, 863767.401, 92
Trd, 863767.418, 109
Trd, 863767.634, 111
Trd, 863768.318, 88
Trd, 863768.451, 85
Trd, 863768.534, 88
Trd, 863768.801, 89
Trd, 863768.984, 90
Trd, 863769.134, 84
Trd, 863769.768, 97
Trd, 863770.918, 92
Trd, 863771.101, 92
Trd, 863771.618, 97
Trd, 863771.718, 93
Trd, 863771.884, 105
Trd, 863773.168, 104
Trd, 863774.118, 104
Trd, 863774.151, 100
Trd, 863774.168, 99
Trd, 863774.401, 96
Trd, 863774.901, 106
Trd, 863775.301, 96
Trd, 863776.118, 107
Trd, 863776.168, 108
Trd, 863776.334, 108
Trd, 863776.451, 94
Trd, 863776.618, 85
Trd, 863776.734, 111
Trd, 863777.718, 95
Trd, 863777.734, 93
Trd, 863777.868, 104
Trd, 863778.418, 85
Trd, 863778.684, 102
Trd, 863779.984, 89
Trd, 863780.401, 89
Trd, 863780.884, 96
Trd, 863781.001, 99
Trd, 863781.884, 89
Trd, 863782.384, 90
Trd, 863782.418, 91
Trd, 863782.934, 89
Trd, 863783.034, 94
Trd, 863783.368, 92
Trd, 863783.568, 94
Trd, 863783.818, 95
Trd, 863785.234, 97
Trd, 863785.434, 94
Trd, 863785.718, 93
Trd, 863786.418, 94
Trd, 863786.434, 93
Trd, 863786.518, 87
Trd, 863786.668, 94
Trd, 863786.768, 99
Trd, 863786.901, 91
Trd, 863787.418, 87
Trd, 863787.451, 100
Trd, 863788.084, 97
Trd, 863789.618, 94
Trd, 863789.668, 98
Trd, 863790.484, 98
Trd, 863790.518, 99
Trd, 863790.684, 105
Trd, 863790.968, 112
Trd, 863790.984, 97
Trd, 863791.001, 96
Trd, 863791.134, 95
Trd, 863791.251, 88
Trd, 863791.534, 87
Trd, 863793.101, 98
Trd, 863793.684, 99
Trd, 863794.284, 108
Trd, 863795.801, 91
Trd, 863796.084, 90
Trd, 863796.101, 92
Trd, 863796.901, 100
Trd, 863797.201, 95
Trd, 863797.351, 92
Trd, 863797.551, 88
Trd, 863797.734, 87
Trd, 863798.351, 98
Trd, 863798.918, 98
Trd, 863799.018, 80
Trd, 863799.118, 99
Trd, 863799.268, 106
Trd, 863800.184, 109
Trd, 863800.651, 107
Trd, 863800.951, 108
Trd, 863801.601, 86
Trd, 863802.368, 89
Trd, 863802.768, 91
Trd, 863803.151, 92
Trd, 863803.218, 104
Trd, 863803.384, 92
Trd, 863804.084, 95
Trd, 863805.251, 97
Trd, 863805.401, 98
Trd, 863805.451, 94
Trd, 863805.784, 90
Trd, 863805.851, 109
Trd, 863806.334, 108
Trd, 863806.984, 106
Trd, 863807.368, 101
Trd, 863807.601, 92
Trd, 863807.701, 89
Trd, 863807.801, 106
Trd, 863808.034, 88
Trd, 863808.168, 112
Trd, 863809.434, 98
Trd, 863809.901, 97
Trd, 863810.218, 91
Trd, 863810.401, 98
Trd, 863811.468, 97
Trd, 863811.584, 99
Trd, 863811.934, 104
Trd, 863812.201, 110
Trd, 863812.334, 112
Trd, 863813.134, 102
Trd, 863813.284, 101
Trd, 863813.718, 104
Trd, 863814.018, 94
Trd, 863814.268, 103
Trd, 863814.601, 104
Trd, 863814.668, 98
Trd, 863814.751, 97
Trd, 863815.801, 98
Trd, 863815.951, 105
Trd, 863816.151, 99
Trd, 863816.334, 99
Trd, 863817.934, 111
Trd, 863818.084, 101
Trd, 863818.834, 98
Trd, 863818.968, 106
Trd, 863819.618, 106
Trd, 863819.701, 96
Trd, 863819.734, 95
Trd, 863819.868, 105
Trd, 863820.301, 88
Trd, 863820.351, 89
Trd, 863820.951, 97
Trd, 863821.701, 94
Trd, 863822.101, 92
Trd, 863822.268, 92
Trd, 863822.684, 100
Trd, 863822.701, 99
Trd, 863823.418, 96
Trd, 863823.534, 97
Trd, 863823.784, 98
Trd, 863823.801, 101
Trd, 863824.301, 107
Trd, 863824.551, 95
Trd, 863825.101, 96
Trd, 863825.384, 95
Trd, 863825.551, 109
Trd, 863825.801, 110
Trd, 863825.968, 112
Trd, 863826.684, 84
Trd, 863827.251, 91
Trd, 863828.134, 93
Trd, 863828.334, 90
Trd, 863828.901, 92
Trd, 863829.468, 93
Trd, 863829.768, 93
Trd, 863830.184, 96
Trd, 863830.568, 97
Trd, 863830.884, 99
Trd, 863831.834, 113
Trd, 863832.284, 101
Trd, 863832.418, 101
Trd, 863832.668, 98
Trd, 863833.218, 99
Trd, 863833.251, 101
Trd, 863833.484, 103
Trd, 863833.634, 99
Trd, 863833.801, 105
Trd, 863834.134, 101
Trd, 863834.284, 101
Trd, 863835.634, 101
Trd, 863836.284, 103
Trd, 863837.668, 102
Trd, 863838.084, 101
Trd, 863838.151, 97
Trd, 863838.184, 102
Trd, 863838.218, 105
Trd, 863838.551, 96
Trd, 863839.368, 96
Trd, 863839.501, 97
Trd, 863839.584, 105
Trd, 863840.118, 106
Trd, 863840.368, 102
Trd, 863840.918, 102
Trd, 863841.034, 101
Trd, 863841.401, 109
Trd, 863841.701, 83
Trd, 863842.334, 90
Trd, 863842.934, 91
Trd, 863843.134, 90
Trd, 863843.268, 104
Trd, 863843.401, 109
Trd, 863843.934, 111
Trd, 863844.201, 103
Trd, 863844.334, 88
Trd, 863844.668, 87
Trd, 863845.034, 108
Trd, 863845.151, 110
Trd, 863845.634, 110
Trd, 863845.951, 111
Trd, 863846.984, 107
Trd, 863847.384, 91
Trd, 863848.184, 90
Trd, 863848.401, 88
Trd, 863848.434, 95
Trd, 863848.484, 110
Trd, 863848.784, 113
Trd, 863849.884, 91
Trd, 863850.534, 97
Trd, 863851.151, 98
Trd, 863851.468, 107
Trd, 863851.701, 99
Trd, 863851.934, 99
Trd, 863852.168, 109
Trd, 863852.301, 109
Trd, 863852.784, 98
Trd, 863852.834, 95
Trd, 863853.784, 89
Trd, 863853.818, 90
Trd, 863854.868, 88
Trd, 863854.884, 92
Trd, 863855.484, 104
Trd, 863855.734, 107
Trd, 863856.018, 84
Trd, 863856.801, 92
Trd, 863857.318, 111
Trd, 863858.084, 104
Trd, 863858.934, 102
Trd, 863858.968, 102
Trd, 863859.201, 101
Trd, 863859.351, 100
Trd, 863859.934, 98
Trd, 863860.134, 96
Trd, 863860.584, 102
Trd, 863860.651, 103
Trd, 863860.768, 97
Trd, 863861.151, 112
Trd, 863861.184, 94
Trd, 863861.501, 114
Trd, 863861.984, 105
Trd, 863862.301, 103
Trd, 863863.001, 101
Trd, 863863.334, 100
Trd, 863863.634, 94
Trd, 863864.934, 94
Trd, 863865.201, 93
Trd, 863865.284, 95
Trd, 863866.284, 93
Trd, 863866.868, 94
Trd, 863867.418, 100
Trd, 863868.401, 106
Trd, 863868.451, 99
Trd, 863868.501, 109
Trd, 863868.651, 98
Trd, 863868.684, 113
Trd, 863869.051, 99
Trd, 863869.518, 97
Trd, 863869.851, 101
Trd, 863869.951, 98
Trd, 863870.618, 111
Trd, 863871.401, 102
Trd, 863871.484, 103
Trd, 863871.534, 100
Trd, 863871.968, 95
Trd, 863872.318, 93
Trd, 863872.934, 95
Trd, 863873.068, 94
Trd, 863873.818, 93
Trd, 863873.918, 94
Trd, 863874.201, 85
Trd, 863874.234, 84
Trd, 863874.584, 89
Trd, 863874.851, 93
Trd, 863874.918, 93
Trd, 863875.384, 93
Trd, 863875.401, 85
Trd, 863875.568, 101
Trd, 863877.401, 100
Trd, 863878.884, 95
Trd, 863878.934, 94
Trd, 863879.084, 95
Trd, 863879.284, 96
Trd, 863879.934, 95
Trd, 863879.984, 96
Trd, 863880.001, 94
Trd, 863880.068, 101
Trd, 863880.334, 110
Trd, 863880.468, 83
Trd, 863880.534, 86
Trd, 863881.184, 103
Trd, 863881.401, 99
Trd, 863881.518, 104
Trd, 863881.568, 112
Trd, 863881.601, 83
Trd, 863881.901, 92
Trd, 863883.218, 95
Trd, 863883.784, 95
Trd, 863883.851, 96
Trd, 863884.168, 98
Trd, 863884.918, 110
Trd, 863885.151, 95
Trd, 863885.334, 110
Trd, 863885.668, 104
Trd, 863885.818, 95
Trd, 863885.851, 91
Trd, 863886.168, 109
Trd, 863886.684, 95
Trd, 863886.868, 92
Trd, 863887.318, 93
Trd, 863887.484, 93
Trd, 863888.268, 94
Trd, 863888.351, 92
Trd, 863889.201, 88
Trd, 863889.234, 100
Trd, 863889.334, 86
Trd, 863889.434, 104
Trd, 863889.634, 83
Trd, 863890.001, 109
Trd, 863890.568, 111
Trd, 863891.168, 101
Trd, 863891.284, 98
Trd, 863891.301, 86
Trd, 863891.584, 101
Trd, 863892.418, 98
Trd, 863892.684, 102
Trd, 863893.001, 111
Trd, 863893.601, 85
Trd, 863893.918, 85
Trd, 863893.951, 88
Trd, 863894.668, 103
Trd, 863895.351, 104
Trd, 863895.718, 104
Trd, 863896.234, 101
Trd, 863896.718, 101
Trd, 863897.118, 99
Trd, 863897.584, 99
Trd, 863898.018, 100
Trd, 863898.468, 99
Trd, 863898.534, 98
Trd, 863899.068, 87
Trd, 863899.551, 89
Trd, 863900.434, 96
Trd, 863900.668, 96
Trd, 863901.034, 97
Trd, 863901.118, 95
Trd, 863901.801, 99
Trd, 863902.068, 106
Trd, 863902.201, 84
Trd, 863902.768, 106
Trd, 863903.151, 92
Trd, 863904.468, 102
Trd, 863904.551, 102
Trd, 863905.051, 103
Trd, 863905.184, 104
Trd, 863905.684, 101
Trd, 863906.484, 100
Trd, 863906.551, 101
Trd, 863906.568, 102
Trd, 863906.751, 98
Trd, 863906.934, 89
Trd, 863907.051, 86
Trd, 863908.168, 109
Trd, 863908.851, 95
Trd, 863909.151, 85
Trd, 863909.334, 98
Trd, 863909.834, 85
Trd, 863910.368, 89
Trd, 863910.584, 88
Trd, 863911.051, 90
Trd, 863911.134, 111
Trd, 863911.234, 87
Trd, 863911.551, 88
Trd, 863911.584, 115
Trd, 863912.301, 113
Trd, 863912.401, 109
Trd, 863912.934, 102
Trd, 863913.201, 119
Trd, 863913.401, 113
Trd, 863913.484, 109
Trd, 863913.851, 91
Trd, 863914.284, 83
Trd, 863914.351, 89
Trd, 863914.484, 90
Trd, 863915.718, 110
Trd, 863916.784, 104
Trd, 863917.251, 106
Trd, 863917.401, 98
Trd, 863917.634, 107
Trd, 863918.151, 101
Trd, 863918.268, 108
Trd, 863918.434, 99
Trd, 863918.668, 110
Trd, 863918.768, 112
Trd, 863918.934, 98
Trd, 863920.318, 89
Trd, 863920.384, 106
Trd, 863920.568, 82
Trd, 863920.784, 103
Trd, 863921.501, 82
Trd, 863921.651, 103
Trd, 863922.901, 99
Trd, 863923.134, 100
Trd, 863923.201, 91
Trd, 863923.451, 113
Trd, 863923.668, 115
Trd, 863924.318, 98
Trd, 863924.618, 87
Trd, 863924.818, 85
Trd, 863925.618, 87
Trd, 863925.784, 86
Trd, 863925.818, 91
Trd, 863925.901, 97
Trd, 863927.118, 96
Trd, 863927.251, 95
Trd, 863927.518, 96
Trd, 863927.584, 93
Trd, 863928.184, 93
Trd, 863928.334, 98
Trd, 863928.884, 101
Trd, 863929.084, 94
Trd, 863929.468, 98
Trd, 863929.584, 88
Trd, 863930.468, 99
Trd, 863932.101, 91
Trd, 863932.201, 93
Trd, 863933.268, 96
Trd, 863933.351, 90
Trd, 863933.534, 92
Trd, 863933.584, 91
Trd, 863933.968, 93
Trd, 863934.334, 94
Trd, 863934.918, 96
Trd, 863935.434, 95
Trd, 863935.784, 92
Trd, 863935.984, 82
Trd, 863937.368, 92
Trd, 863937.951, 92
Trd, 863938.318, 89
Trd, 863938.601, 90
Trd, 863938.751, 89
Trd, 863939.201, 92
Trd, 863939.218, 93
Trd, 863939.434, 96
Trd, 863939.734, 100
Trd, 863940.301, 94
Trd, 863940.834, 94
Trd, 863941.201, 105
Trd, 863941.301, 94
Trd, 863941.584, 94
Trd, 863942.101, 93
Trd, 863942.301, 91
Trd, 863942.984, 104
Trd, 863943.368, 100
Trd, 863945.068, 97
Trd, 863945.384, 95
Trd, 863945.401, 92
Trd, 863945.818, 91
Trd, 863946.318, 91
Trd, 863946.384, 90
Trd, 863947.201, 84
Trd, 863947.218, 92
Trd, 863948.451, 84
Trd, 863948.568, 97
Trd, 863949.218, 93
Trd, 863949.368, 93
Trd, 863950.051, 105
Trd, 863950.401, 105
Trd, 863951.251, 107
Trd, 863951.434, 101
Trd, 863952.118, 98
Trd, 863952.268, 90
Trd, 863952.818, 100
Trd, 863952.834, 85
Trd, 863953.068, 81
Trd, 863953.668, 95
Trd, 863954.184, 98
Trd, 863954.201, 97
Trd, 863955.034, 99
Trd, 863955.251, 96
Trd, 863955.968, 98
Trd, 863956.218, 89
Trd, 863956.684, 89
Trd, 863956.701, 86
Trd, 863957.218, 90
Trd, 863957.251, 92
Trd, 863957.368, 93
Trd, 863957.701, 93
Trd, 863958.384, 94
Trd, 863958.484, 86
Trd, 863958.501, 81
Trd, 863959.284, 95
Trd, 863959.684, 95
Trd, 863960.084, 96
Trd, 863960.101, 98
Trd, 863960.901, 87
Trd, 863961.084, 90
Trd, 863961.601, 92
Trd, 863961.884, 103
Trd, 863961.901, 89
Trd, 863962.184, 83
Trd, 863963.334, 99
Trd, 863963.818, 99
Trd, 863964.184, 100
Trd, 863964.618, 99
Trd, 863965.318, 96
Trd, 863965.551, 96
Trd, 863965.684, 97
Trd, 863965.818, 96
Trd, 863965.851, 103
Trd, 863966.001, 95
Trd, 863966.068, 94
Trd, 863966.334, 86
Trd, 863967.151, 96
Trd, 863967.168, 98
Trd, 863967.701, 103
Trd, 863968.868, 106
Trd, 863969.068, 102
Trd, 863969.618, 103
Trd, 863970.084, 106
Trd, 863970.451, 107
Trd, 863970.534, 105
Trd, 863971.001, 101
Trd, 863971.101, 102
Trd, 863971.551, 98
Trd, 863972.184, 98
Trd, 863972.434, 93
Trd, 863972.968, 90
Trd, 863973.251, 93
Trd, 863974.568, 93
Trd, 863974.634, 88
Trd, 863974.884, 106
Trd, 863975.318, 90
Trd, 863975.901, 101
Trd, 863976.284, 94
Trd, 863977.251, 99
Trd, 863977.418, 107
Trd, 863977.884, 111
Trd, 863978.101, 100
Trd, 863978.351, 104
Trd, 863978.618, 101
Trd, 863979.218, 102
Trd, 863979.368, 111
Trd, 863979.451, 114
Trd, 863980.284, 113
Trd, 863980.318, 102
Trd, 863980.701, 103
Trd, 863980.851, 111
Trd, 863981.334, 110
Trd, 863981.401, 103
Trd, 863981.651, 98
Trd, 863982.351, 94
Trd, 863983.668, 94
Trd, 863983.818, 95
Trd, 863984.068, 95
Trd, 863984.368, 96
Trd, 863984.818, 97
Trd, 863984.851, 101
Trd, 863985.068, 96
Trd, 863985.118, 94
Trd, 863985.134, 92
Trd, 863985.251, 96
Trd, 863986.501, 103
Trd, 863986.601, 96
Trd, 863986.868, 108
Trd, 863987.601, 99
Trd, 863988.334, 106
Trd, 863988.384, 102
Trd, 863988.534, 101
Trd, 863988.851, 100
Trd, 863988.984, 111
Trd, 863989.084, 99
Trd, 863989.568, 112
Trd, 863989.801, 98
Trd, 863990.101, 111
Trd, 863990.468, 92
Trd, 863990.768, 106
Trd, 863992.084, 95
Trd, 863992.134, 97
Trd, 863992.151, 98
Trd, 863992.718, 110
Trd, 863992.884, 97
Trd, 863993.168, 95
Trd, 863994.484, 95
Trd, 863994.534, 93
Trd, 863995.268, 85
Trd, 863995.351, 85
Trd, 863995.684, 85
Trd, 863996.034, 82
Trd, 863996.318, 90
Trd, 863996.984, 95
Trd, 863997.001, 98
Trd, 863997.251, 103
Trd, 863997.634, 104
Trd, 863998.518, 90
Trd, 863998.884, 100
Trd, 863999.251, 96
Trd, 863999.701, 92
