Trd, 863328.234, 100
Trd, 863328.501, 100
Trd, 863328.551, 104
Trd, 863328.568, 104
Trd, 863328.984, 104
Trd, 863329.234, 105
Trd, 863329.251, 104
Trd, 863329.468, 106
Trd, 863329.668, 105
Trd, 863329.784, 104
Trd, 863329.868, 101
Trd, 863330.501, 93
Trd, 863331.168, 109
Trd, 863332.151, 97
Trd, 863332.218, 97
Trd, 863332.784, 98
Trd, 863332.968, 102
Trd, 863333.168, 101
Trd, 863333.451, 98
Trd, 863333.718, 96
Trd, 863333.784, 100
Trd, 863334.234, 100
Trd, 863334.751, 101
Trd, 863334.801, 98
Trd, 863335.518, 100
Trd, 863335.934, 100
Trd, 863336.101, 100
Trd, 863336.118, 105
Trd, 863336.934, 102
Trd, 863337.218, 105
Trd, 863337.518, 103
Trd, 863337.801, 103
Trd, 863337.868, 102
Trd, 863338.718, 100
Trd, 863338.801, 99
Trd, 863339.034, 95
Trd, 863339.251, 102
Trd, 863339.418, 95
Trd, 863339.851, 103
Trd, 863340.051, 104
Trd, 863340.634, 112
Trd, 863340.668, 102
Trd, 863341.134, 104
Trd, 863341.284, 104
Trd, 863341.551, 112
Trd, 863341.618, 105
Trd, 863342.084, 104
Trd, 863342.801, 106
Trd, 863343.251, 106
Trd, 863343.268, 100
Trd, 863343.934, 100
Trd, 863344.151, 101
Trd, 863344.351, 99
Trd, 863345.201, 107
Trd, 863345.301, 101
Trd, 863345.318, 98
Trd, 863345.501, 96
Trd, 863345.968, 102
Trd, 863346.068, 103
Trd, 863347.051, 104
Trd, 863347.534, 105
Trd, 863347.801, 106
Trd, 863348.434, 107
Trd, 863348.768, 105
Trd, 863349.301, 105
Trd, 863349.384, 106
Trd, 863349.451, 105
Trd, 863349.734, 101
Trd, 863349.934, 106
Trd, 863350.801, 102
Trd, 863350.951, 101
Trd, 863351.118, 98
Trd, 863351.501, 98
Trd, 863351.668, 97
Trd, 863352.001, 109
Trd, 863352.368, 96
Trd, 863352.768, 96
Trd, 863352.801, 100
Trd, 863353.018, 103
Trd, 863353.484, 103
Trd, 863353.718, 101
Trd, 863354.134, 100
Trd, 863354.668, 102
Trd, 863354.784, 96
Trd, 863355.468, 105
Trd, 863355.984, 96
Trd, 863356.018, 95
Trd, 863356.701, 105
Trd, 863356.934, 96
Trd, 863357.968, 101
Trd, 863358.134, 101
Trd, 863358.251, 101
Trd, 863358.368, 100
Trd, 863358.418, 102
Trd, 863358.468, 104
Trd, 863359.568, 101
Trd, 863360.218, 100
Trd, 863360.351, 99
Trd, 863360.384, 101
Trd, 863360.618, 98
Trd, 863361.968, 93
Trd, 863362.151, 105
Trd, 863362.701, 99
Trd, 863363.151, 103
Trd, 863363.168, 104
Trd, 863363.368, 103
Trd, 863363.384, 102
Trd, 863363.401, 98
Trd, 863363.901, 100
Trd, 863364.118, 99
Trd, 863364.301, 101
Trd, 863366.034, 101
Trd, 863366.318, 101
Trd, 863366.568, 94
Trd, 863367.384, 96
Trd, 863367.534, 95
Trd, 863367.584, 94
Trd, 863367.951, 97
Trd, 863367.984, 98
Trd, 863368.334, 99
Trd, 863368.451, 100
Trd, 863369.068, 98
Trd, 863369.301, 97
Trd, 863369.434, 102
Trd, 863369.784, 103
Trd, 863370.134, 96
Trd, 863370.834, 95
Trd, 863370.951, 96
Trd, 863371.384, 103
Trd, 863371.618, 107
Trd, 863371.634, 101
Trd, 863372.518, 106
Trd, 863372.884, 105
Trd, 863372.918, 104
Trd, 863373.018, 103
Trd, 863373.484, 100
Trd, 863373.684, 106
Trd, 863373.918, 98
Trd, 863374.201, 104
Trd, 863374.884, 100
Trd, 863375.418, 99
Trd, 863375.651, 101
Trd, 863376.034, 99
Trd, 863376.184, 101
Trd, 863376.568, 102
Trd, 863376.701, 104
Trd, 863376.784, 102
Trd, 863377.301, 102
Trd, 863377.968, 101
Trd, 863378.401, 100
Trd, 863379.084, 101
Trd, 863379.351, 99
Trd, 863380.068, 99
Trd, 863380.084, 98
Trd, 863380.418, 98
Trd, 863380.668, 104
Trd, 863381.301, 98
Trd, 863381.584, 101
Trd, 863382.651, 101
Trd, 863382.668, 102
Trd, 863383.584, 101
Trd, 863383.601, 101
Trd, 863383.834, 100
Trd, 863383.868, 101
Trd, 863384.251, 102
Trd, 863384.334, 93
Trd, 863385.234, 94
Trd, 863385.401, 100
Trd, 863385.751, 95
Trd, 863385.768, 105
Trd, 863387.051, 98
Trd, 863387.084, 104
Trd, 863387.101, 96
Trd, 863387.401, 105
Trd, 863387.484, 96
Trd, 863387.784, 94
Trd, 863388.051, 94
Trd, 863388.368, 94
Trd, 863388.634, 95
Trd, 863388.934, 95
Trd, 863389.368, 99
Trd, 863389.934, 95
Trd, 863390.268, 93
Trd, 863390.801, 91
Trd, 863390.851, 94
Trd, 863391.184, 93
Trd, 863391.251, 92
Trd, 863391.684, 95
Trd, 863392.134, 95
Trd, 863392.751, 105
Trd, 863392.851, 97
Trd, 863393.318, 97
Trd, 863393.618, 102
Trd, 863393.718, 103
Trd, 863394.134, 101
Trd, 863394.201, 101
Trd, 863394.268, 100
Trd, 863394.468, 100
Trd, 863394.884, 101
Trd, 863395.134, 100
Trd, 863395.801, 99
Trd, 863396.384, 100
Trd, 863396.451, 101
Trd, 863397.268, 98
Trd, 863397.818, 95
Trd, 863398.068, 93
Trd, 863398.534, 98
Trd, 863398.851, 98
Trd, 863399.168, 99
Trd, 863399.218, 96
Trd, 863399.384, 104
Trd, 863399.401, 95
Trd, 863400.051, 99
Trd, 863401.418, 98
Trd, 863401.868, 99
Trd, 863402.568, 99
Trd, 863402.668, 99
Trd, 863402.851, 100
Trd, 863403.134, 102
Trd, 863403.601, 104
Trd, 863403.968, 103
Trd, 863404.151, 103
Trd, 863404.218, 101
Trd, 863404.418, 102
Trd, 863404.534, 101
Trd, 863405.501, 98
Trd, 863405.568, 105
Trd, 863405.584, 97
Trd, 863406.584, 101
Trd, 863406.751, 104
Trd, 863407.134, 101
Trd, 863407.168, 100
Trd, 863407.401, 99
Trd, 863407.618, 113
Trd, 863408.634, 110
Trd, 863408.984, 112
Trd, 863409.218, 109
Trd, 863410.001, 98
Trd, 863410.201, 96
Trd, 863410.351, 97
Trd, 863410.401, 94
Trd, 863410.984, 98
Trd, 863411.184, 97
Trd, 863411.568, 100
Trd, 863411.601, 104
Trd, 863412.301, 100
Trd, 863413.001, 100
Trd, 863413.668, 100
Trd, 863413.868, 100
Trd, 863413.984, 98
Trd, 863414.001, 98
Trd, 863414.134, 98
Trd, 863414.701, 95
Trd, 863414.934, 101
Trd, 863415.101, 102
Trd, 863415.434, 95
Trd, 863416.018, 104
Trd, 863416.218, 93
Trd, 863416.601, 92
Trd, 863417.351, 93
Trd, 863418.068, 97
Trd, 863418.534, 98
Trd, 863418.701, 100
Trd, 863418.734, 101
Trd, 863419.084, 98
Trd, 863419.351, 99
Trd, 863419.484, 106
Trd, 863419.968, 100
Trd, 863421.151, 101
Trd, 863421.318, 101
Trd, 863421.551, 105
Trd, 863421.784, 97
Trd, 863422.018, 95
Trd, 863422.251, 103
Trd, 863422.468, 102
Trd, 863422.818, 98
Trd, 863423.318, 101
Trd, 863423.451, 100
Trd, 863423.501, 98
Trd, 863424.484, 98
Trd, 863424.534, 110
Trd, 863424.984, 109
Trd, 863425.168, 103
Trd, 863425.268, 113
Trd, 863425.851, 112
Trd, 863426.151, 104
Trd, 863426.701, 106
Trd, 863426.918, 105
Trd, 863427.184, 110
Trd, 863427.434, 104
Trd, 863427.568, 110
Trd, 863427.951, 103
Trd, 863428.318, 102
Trd, 863428.468, 101
Trd, 863429.134, 99
Trd, 863429.351, 99
Trd, 863429.501, 100
Trd, 863429.618, 98
Trd, 863429.751, 95
Trd, 863430.501, 93
Trd, 863431.034, 107
Trd, 863432.034, 103
Trd, 863432.284, 108
Trd, 863432.418, 108
Trd, 863432.851, 107
Trd, 863433.101, 106
Trd, 863433.151, 107
Trd, 863433.234, 107
Trd, 863433.334, 106
Trd, 863433.751, 105
Trd, 863433.768, 104
Trd, 863434.318, 105
Trd, 863435.034, 98
Trd, 863435.751, 95
Trd, 863436.351, 97
Trd, 863436.468, 102
Trd, 863436.818, 98
Trd, 863436.884, 103
Trd, 863437.084, 99
Trd, 863437.418, 100
Trd, 863437.451, 98
Trd, 863437.851, 102
Trd, 863437.918, 98
Trd, 863438.701, 96
Trd, 863438.984, 100
Trd, 863439.501, 100
Trd, 863439.618, 99
Trd, 863439.868, 93
Trd, 863439.884, 106
Trd, 863440.051, 95
Trd, 863440.201, 107
Trd, 863440.251, 95
Trd, 863440.401, 114
Trd, 863441.868, 104
Trd, 863441.884, 103
Trd, 863442.534, 103
Trd, 863442.684, 104
Trd, 863442.784, 105
Trd, 863443.018, 102
Trd, 863443.068, 101
Trd, 863443.284, 96
Trd, 863444.384, 105
Trd, 863445.051, 100
Trd, 863445.168, 99
Trd, 863445.568, 96
Trd, 863446.118, 96
Trd, 863446.418, 102
Trd, 863446.434, 106
Trd, 863446.818, 101
Trd, 863447.184, 101
Trd, 863447.468, 102
Trd, 863447.718, 102
Trd, 863447.734, 103
Trd, 863448.318, 101
Trd, 863448.401, 101
Trd, 863448.418, 106
Trd, 863449.384, 100
Trd, 863449.551, 98
Trd, 863449.734, 97
Trd, 863450.001, 96
Trd, 863450.584, 93
Trd, 863450.934, 93
Trd, 863451.601, 93
Trd, 863451.651, 92
Trd, 863452.034, 93
Trd, 863452.451, 92
Trd, 863452.601, 91
Trd, 863452.968, 93
Trd, 863453.001, 94
Trd, 863453.101, 95
Trd, 863453.168, 95
Trd, 863453.951, 100
Trd, 863454.201, 96
Trd, 863454.568, 97
Trd, 863454.668, 96
Trd, 863455.251, 97
Trd, 863455.384, 96
Trd, 863455.901, 102
Trd, 863456.701, 104
Trd, 863457.701, 104
Trd, 863458.001, 104
Trd, 863458.084, 105
Trd, 863458.201, 105
Trd, 863458.368, 103
Trd, 863458.468, 102
Trd, 863458.634, 105
Trd, 863458.801, 102
Trd, 863458.884, 101
Trd, 863459.434, 100
Trd, 863459.651, 99
Trd, 863460.734, 98
Trd, 863460.818, 102
Trd, 863461.301, 103
Trd, 863461.501, 104
Trd, 863461.851, 99
Trd, 863462.801, 104
Trd, 863462.834, 104
Trd, 863462.984, 104
Trd, 863463.468, 106
Trd, 863463.501, 103
Trd, 863463.568, 99
Trd, 863463.668, 98
Trd, 863463.901, 96
Trd, 863464.218, 109
Trd, 863464.701, 100
Trd, 863464.801, 115
Trd, 863464.868, 100
Trd, 863465.584, 118
Trd, 863465.868, 103
Trd, 863467.084, 117
Trd, 863467.284, 104
Trd, 863467.601, 102
Trd, 863468.001, 102
Trd, 863468.084, 98
Trd, 863468.518, 99
Trd, 863469.384, 101
Trd, 863469.468, 100
Trd, 863469.534, 99
Trd, 863469.884, 99
Trd, 863470.201, 99
Trd, 863470.651, 97
Trd, 863471.018, 90
Trd, 863472.351, 95
Trd, 863472.434, 92
Trd, 863472.668, 92
Trd, 863473.218, 93
Trd, 863473.318, 95
Trd, 863473.334, 92
Trd, 863473.684, 99
Trd, 863473.751, 101
Trd, 863473.901, 96
Trd, 863473.934, 107
Trd, 863474.151, 107
Trd, 863474.201, 97
Trd, 863475.251, 102
Trd, 863475.334, 102
Trd, 863475.384, 102
Trd, 863475.768, 102
Trd, 863475.834, 101
Trd, 863476.218, 98
Trd, 863476.834, 94
Trd, 863477.201, 94
Trd, 863477.234, 100
Trd, 863478.168, 97
Trd, 863478.284, 99
Trd, 863479.034, 98
Trd, 863479.518, 99
Trd, 863479.668, 99
Trd, 863479.868, 100
Trd, 863480.684, 100
Trd, 863481.218, 102
Trd, 863481.301, 103
Trd, 863481.501, 106
Trd, 863481.701, 109
Trd, 863482.168, 102
Trd, 863482.568, 101
Trd, 863482.901, 95
Trd, 863483.068, 96
Trd, 863483.484, 95
Trd, 863484.451, 95
Trd, 863484.668, 94
Trd, 863484.901, 95
Trd, 863485.168, 98
Trd, 863485.351, 103
Trd, 863485.634, 91
Trd, 863485.668, 90
Trd, 863486.868, 88
Trd, 863487.051, 86
Trd, 863487.168, 87
Trd, 863487.318, 85
Trd, 863487.401, 88
Trd, 863487.784, 86
Trd, 863489.051, 95
Trd, 863489.401, 93
Trd, 863489.451, 101
Trd, 863489.918, 97
Trd, 863490.018, 96
Trd, 863490.234, 97
Trd, 863490.668, 98
Trd, 863490.984, 98
Trd, 863491.334, 100
Trd, 863491.784, 102
Trd, 863492.034, 98
Trd, 863492.451, 97
Trd, 863493.168, 101
Trd, 863493.318, 96
Trd, 863493.934, 98
Trd, 863494.001, 99
Trd, 863494.551, 99
Trd, 863494.984, 100
Trd, 863495.168, 101
Trd, 863495.234, 100
Trd, 863495.451, 98
Trd, 863495.718, 100
Trd, 863495.818, 99
Trd, 863495.884, 97
Trd, 863496.251, 106
Trd, 863497.001, 97
Trd, 863497.434, 99
Trd, 863497.634, 108
Trd, 863497.751, 97
Trd, 863497.868, 109
Trd, 863498.084, 95
Trd, 863498.201, 95
Trd, 863498.284, 90
Trd, 863498.984, 109
Trd, 863500.251, 105
Trd, 863500.634, 105
Trd, 863501.234, 106
Trd, 863501.351, 108
Trd, 863501.418, 105
Trd, 863501.684, 103
Trd, 863502.068, 105
Trd, 863502.234, 104
Trd, 863502.468, 112
Trd, 863502.634, 105
Trd, 863502.851, 104
Trd, 863503.151, 104
Trd, 863503.551, 101
Trd, 863503.584, 110
Trd, 863503.851, 101
Trd, 863504.034, 98
Trd, 863504.684, 105
Trd, 863505.418, 98
Trd, 863506.084, 98
Trd, 863506.484, 97
Trd, 863506.668, 97
Trd, 863506.718, 98
Trd, 863507.018, 96
Trd, 863507.201, 97
Trd, 863507.951, 97
Trd, 863508.001, 96
Trd, 863508.334, 98
Trd, 863508.584, 100
Trd, 863508.634, 95
Trd, 863508.801, 103
Trd, 863509.201, 95
Trd, 863509.418, 96
Trd, 863509.934, 94
Trd, 863510.168, 101
Trd, 863510.518, 103
Trd, 863510.834, 106
Trd, 863511.551, 105
Trd, 863511.868, 105
Trd, 863512.151, 103
Trd, 863512.801, 106
Trd, 863512.851, 104
Trd, 863512.934, 104
Trd, 863513.201, 103
Trd, 863513.351, 102
Trd, 863513.534, 101
Trd, 863513.851, 98
Trd, 863513.884, 95
Trd, 863514.001, 93
Trd, 863515.484, 90
Trd, 863515.851, 97
Trd, 863515.934, 98
Trd, 863516.468, 101
Trd, 863516.651, 106
Trd, 863516.768, 101
Trd, 863517.318, 102
Trd, 863517.618, 103
Trd, 863517.668, 103
Trd, 863517.684, 102
Trd, 863518.168, 104
Trd, 863518.434, 102
Trd, 863518.618, 106
Trd, 863519.068, 101
Trd, 863519.134, 99
Trd, 863519.301, 102
Trd, 863519.518, 93
Trd, 863519.751, 104
Trd, 863519.984, 88
Trd, 863520.084, 109
Trd, 863520.351, 115
Trd, 863521.351, 115
Trd, 863521.468, 115
Trd, 863521.951, 114
Trd, 863522.134, 114
Trd, 863522.568, 113
Trd, 863523.451, 112
Trd, 863523.501, 107
Trd, 863523.518, 106
Trd, 863523.718, 104
Trd, 863524.468, 101
Trd, 863524.768, 94
Trd, 863525.284, 94
Trd, 863525.751, 94
Trd, 863526.218, 91
Trd, 863526.468, 93
Trd, 863526.784, 94
Trd, 863526.834, 94
Trd, 863527.484, 95
Trd, 863527.851, 97
Trd, 863528.718, 99
Trd, 863528.734, 101
Trd, 863528.868, 98
Trd, 863528.951, 97
Trd, 863529.084, 106
Trd, 863529.501, 101
Trd, 863529.618, 95
Trd, 863530.418, 105
Trd, 863530.551, 97
Trd, 863531.434, 108
Trd, 863531.784, 99
Trd, 863532.184, 115
Trd, 863532.618, 100
Trd, 863533.184, 113
Trd, 863533.234, 101
Trd, 863533.868, 103
Trd, 863534.218, 103
Trd, 863534.484, 108
Trd, 863534.951, 105
Trd, 863535.201, 104
Trd, 863535.634, 105
Trd, 863535.668, 102
Trd, 863536.151, 99
Trd, 863536.168, 98
Trd, 863536.284, 104
Trd, 863536.684, 102
Trd, 863536.751, 95
Trd, 863537.068, 95
Trd, 863537.251, 96
Trd, 863537.484, 95
Trd, 863537.818, 94
Trd, 863538.801, 104
Trd, 863539.701, 104
Trd, 863540.084, 106
Trd, 863540.168, 104
Trd, 863540.368, 112
Trd, 863540.584, 118
Trd, 863541.201, 105
Trd, 863541.401, 105
Trd, 863541.551, 112
Trd, 863542.168, 108
Trd, 863542.334, 108
Trd, 863542.801, 107
Trd, 863543.101, 108
Trd, 863543.201, 109
Trd, 863543.234, 108
Trd, 863543.368, 106
Trd, 863543.384, 104
Trd, 863543.401, 101
Trd, 863544.234, 97
Trd, 863544.301, 95
Trd, 863544.384, 90
Trd, 863544.401, 104
Trd, 863544.518, 84
Trd, 863545.418, 92
Trd, 863546.301, 87
Trd, 863546.834, 86
Trd, 863546.851, 84
Trd, 863547.434, 87
Trd, 863547.884, 93
Trd, 863548.151, 93
Trd, 863548.434, 95
Trd, 863548.818, 96
Trd, 863550.268, 99
Trd, 863550.334, 98
Trd, 863550.651, 101
Trd, 863550.951, 102
Trd, 863551.151, 102
Trd, 863551.268, 101
Trd, 863551.401, 100
Trd, 863551.718, 102
Trd, 863552.101, 103
Trd, 863552.768, 104
Trd, 863552.934, 104
Trd, 863553.018, 104
Trd, 863554.151, 104
Trd, 863554.701, 105
Trd, 863554.768, 106
Trd, 863554.834, 103
Trd, 863555.168, 105
Trd, 863555.218, 106
Trd, 863555.351, 108
Trd, 863556.984, 96
Trd, 863557.101, 95
Trd, 863557.251, 103
Trd, 863557.301, 93
Trd, 863557.518, 91
Trd, 863558.418, 97
Trd, 863558.484, 97
Trd, 863558.768, 99
Trd, 863559.201, 101
Trd, 863559.518, 101
Trd, 863559.768, 103
Trd, 863559.968, 101
Trd, 863560.034, 100
Trd, 863560.251, 106
Trd, 863560.451, 108
Trd, 863560.534, 99
Trd, 863560.834, 109
Trd, 863561.201, 113
Trd, 863561.401, 117
Trd, 863561.734, 102
Trd, 863561.951, 101
Trd, 863562.201, 100
Trd, 863562.334, 100
Trd, 863563.051, 96
Trd, 863563.368, 97
Trd, 863563.584, 95
Trd, 863564.018, 98
Trd, 863564.334, 98
Trd, 863564.668, 96
Trd, 863565.451, 97
Trd, 863565.868, 96
Trd, 863567.034, 94
Trd, 863567.068, 97
Trd, 863567.184, 93
Trd, 863567.284, 93
Trd, 863567.418, 94
Trd, 863568.134, 95
Trd, 863568.301, 96
Trd, 863568.584, 97
Trd, 863568.668, 95
Trd, 863568.984, 102
Trd, 863569.001, 104
Trd, 863569.368, 101
Trd, 863569.801, 106
Trd, 863570.134, 97
Trd, 863570.318, 109
Trd, 863570.418, 96
Trd, 863570.901, 97
Trd, 863571.301, 96
Trd, 863571.718, 110
Trd, 863571.751, 98
Trd, 863571.834, 112
Trd, 863572.951, 104
Trd, 863573.151, 113
Trd, 863573.701, 102
Trd, 863574.218, 99
Trd, 863574.401, 99
Trd, 863574.568, 100
Trd, 863575.034, 101
Trd, 863575.768, 101
Trd, 863575.818, 96
Trd, 863576.351, 97
Trd, 863576.434, 102
Trd, 863577.618, 102
Trd, 863577.651, 103
Trd, 863577.968, 101
Trd, 863578.451, 103
Trd, 863578.518, 102
Trd, 863578.801, 105
Trd, 863578.951, 103
Trd, 863579.601, 104
Trd, 863579.634, 103
Trd, 863579.968, 103
Trd, 863580.484, 98
Trd, 863580.918, 95
Trd, 863581.634, 93
Trd, 863581.684, 90
Trd, 863581.868, 102
Trd, 863582.984, 96
Trd, 863583.001, 95
Trd, 863583.118, 96
Trd, 863583.401, 96
Trd, 863583.868, 96
Trd, 863583.884, 97
Trd, 863584.151, 98
Trd, 863584.368, 97
Trd, 863584.484, 97
Trd, 863584.634, 99
Trd, 863584.951, 106
Trd, 863585.301, 100
Trd, 863586.351, 103
Trd, 863586.784, 106
Trd, 863586.901, 104
Trd, 863587.001, 103
Trd, 863587.151, 104
Trd, 863587.334, 109
Trd, 863587.518, 103
Trd, 863588.784, 97
Trd, 863589.601, 96
Trd, 863589.884, 95
Trd, 863590.168, 95
Trd, 863590.518, 96
Trd, 863590.801, 97
Trd, 863591.051, 98
Trd, 863591.134, 97
Trd, 863591.351, 101
Trd, 863591.401, 103
Trd, 863591.468, 99
Trd, 863592.068, 103
Trd, 863592.151, 104
Trd, 863592.618, 105
Trd, 863592.768, 106
Trd, 863593.701, 108
Trd, 863593.818, 107
Trd, 863594.018, 106
Trd, 863594.118, 105
Trd, 863594.234, 104
Trd, 863594.701, 103
Trd, 863594.801, 102
Trd, 863594.934, 101
Trd, 863595.834, 100
Trd, 863596.801, 100
Trd, 863596.868, 104
Trd, 863597.384, 101
Trd, 863597.518, 102
Trd, 863597.651, 101
Trd, 863597.884, 103
Trd, 863598.418, 103
Trd, 863599.251, 101
Trd, 863599.451, 96
Trd, 863599.551, 101
Trd, 863600.451, 99
Trd, 863600.484, 98
Trd, 863600.518, 100
Trd, 863600.751, 94
Trd, 863601.618, 93
Trd, 863601.784, 90
Trd, 863601.901, 101
Trd, 863602.168, 104
Trd, 863602.901, 101
Trd, 863603.401, 105
Trd, 863603.584, 106
Trd, 863603.684, 104
Trd, 863603.701, 109
Trd, 863603.768, 100
Trd, 863604.968, 100
Trd, 863605.201, 100
Trd, 863605.418, 100
Trd, 863605.468, 103
Trd, 863605.918, 102
Trd, 863606.068, 103
Trd, 863607.034, 104
Trd, 863607.218, 106
Trd, 863607.284, 104
Trd, 863607.434, 105
Trd, 863607.634, 106
Trd, 863607.684, 104
Trd, 863607.751, 101
Trd, 863607.868, 100
Trd, 863608.251, 95
Trd, 863608.384, 113
Trd, 863608.618, 106
Trd, 863608.918, 94
Trd, 863610.251, 97
Trd, 863610.401, 102
Trd, 863610.668, 109
Trd, 863610.718, 94
Trd, 863611.801, 106
Trd, 863612.051, 106
Trd, 863612.151, 101
Trd, 863612.301, 101
Trd, 863612.451, 101
Trd, 863612.834, 102
Trd, 863613.134, 101
Trd, 863613.584, 90
Trd, 863614.134, 92
Trd, 863614.584, 93
Trd, 863615.968, 95
Trd, 863616.201, 95
Trd, 863616.434, 93
Trd, 863616.651, 93
Trd, 863617.218, 95
Trd, 863617.384, 96
Trd, 863617.584, 106
Trd, 863617.901, 98
Trd, 863618.051, 97
Trd, 863618.401, 98
Trd, 863618.884, 99
Trd, 863619.051, 98
Trd, 863619.534, 99
Trd, 863619.618, 99
Trd, 863619.701, 96
Trd, 863620.884, 99
Trd, 863621.084, 97
Trd, 863621.451, 96
Trd, 863622.218, 100
Trd, 863622.318, 97
Trd, 863622.734, 97
Trd, 863623.568, 100
Trd, 863623.618, 101
Trd, 863623.801, 100
Trd, 863624.118, 102
Trd, 863624.334, 100
Trd, 863624.818, 100
Trd, 863624.984, 99
Trd, 863625.084, 102
Trd, 863626.001, 101
Trd, 863626.284, 100
Trd, 863626.618, 106
Trd, 863626.768, 108
Trd, 863626.784, 99
Trd, 863627.018, 100
Trd, 863627.434, 99
Trd, 863627.551, 109
Trd, 863627.851, 95
Trd, 863627.884, 95
Trd, 863628.568, 95
Trd, 863628.968, 101
Trd, 863629.651, 100
Trd, 863629.734, 100
Trd, 863629.801, 102
Trd, 863630.684, 102
Trd, 863631.218, 101
Trd, 863631.268, 106
Trd, 863631.334, 99
Trd, 863632.018, 98
Trd, 863632.351, 100
Trd, 863632.684, 98
Trd, 863633.284, 106
Trd, 863633.534, 95
Trd, 863634.668, 92
Trd, 863634.918, 94
Trd, 863635.201, 94
Trd, 863635.384, 94
Trd, 863635.868, 93
Trd, 863635.918, 93
Trd, 863636.534, 105
Trd, 863637.168, 100
Trd, 863637.568, 104
Trd, 863637.868, 105
Trd, 863638.151, 106
Trd, 863638.334, 104
Trd, 863638.568, 107
Trd, 863638.834, 105
Trd, 863639.034, 112
Trd, 863639.268, 103
Trd, 863639.534, 101
Trd, 863639.751, 98
Trd, 863639.951, 98
Trd, 863640.118, 98
Trd, 863640.951, 108
Trd, 863641.068, 101
Trd, 863641.468, 100
Trd, 863642.068, 107
Trd, 863642.118, 97
Trd, 863642.784, 107
Trd, 863643.234, 99
Trd, 863643.501, 100
Trd, 863643.601, 102
Trd, 863643.951, 99
Trd, 863644.401, 99
Trd, 863644.601, 100
Trd, 863644.668, 106
Trd, 863644.918, 100
Trd, 863645.201, 110
Trd, 863645.384, 93
Trd, 863645.468, 111
Trd, 863645.918, 92
Trd, 863646.518, 96
Trd, 863647.001, 96
Trd, 863647.251, 98
Trd, 863647.868, 98
Trd, 863648.001, 97
Trd, 863648.068, 99
Trd, 863648.384, 100
Trd, 863649.018, 101
Trd, 863649.701, 103
Trd, 863649.734, 102
Trd, 863650.268, 105
Trd, 863650.334, 104
Trd, 863650.484, 101
Trd, 863651.084, 105
Trd, 863652.484, 101
Trd, 863652.518, 102
Trd, 863652.751, 99
Trd, 863653.318, 107
Trd, 863653.468, 103
Trd, 863653.984, 103
Trd, 863654.268, 104
Trd, 863654.418, 104
Trd, 863654.684, 106
Trd, 863655.034, 104
Trd, 863655.218, 106
Trd, 863655.334, 102
Trd, 863655.918, 101
Trd, 863655.951, 98
Trd, 863656.118, 93
Trd, 863656.334, 93
Trd, 863656.801, 99
Trd, 863657.684, 98
Trd, 863657.851, 96
Trd, 863658.001, 96
Trd, 863658.301, 98
Trd, 863658.518, 99
Trd, 863658.684, 99
Trd, 863659.018, 100
Trd, 863659.568, 94
Trd, 863659.734, 93
Trd, 863660.868, 95
Trd, 863661.101, 94
Trd, 863661.418, 101
Trd, 863661.518, 102
Trd, 863661.551, 105
Trd, 863662.234, 104
Trd, 863662.718, 103
Trd, 863662.801, 102
Trd, 863663.168, 100
Trd, 863663.334, 99
Trd, 863664.251, 100
Trd, 863664.501, 99
Trd, 863665.718, 99
Trd, 863665.951, 101
Trd, 863666.034, 99
Trd, 863666.234, 98
Trd, 863667.401, 98
Trd, 863667.434, 99
Trd, 863667.901, 98
Trd, 863667.951, 100
Trd, 863668.068, 98
Trd, 863668.301, 99
Trd, 863668.501, 109
Trd, 863668.968, 111
Trd, 863669.101, 98
Trd, 863669.634, 98
Trd, 863669.684, 99
Trd, 863670.034, 96
Trd, 863670.368, 104
Trd, 863670.668, 106
Trd, 863670.918, 94
Trd, 863671.234, 93
Trd, 863672.018, 93
Trd, 863672.084, 99
Trd, 863672.784, 96
Trd, 863672.918, 95
Trd, 863673.001, 97
Trd, 863673.034, 93
Trd, 863674.084, 99
Trd, 863674.251, 98
Trd, 863674.434, 99
Trd, 863674.734, 101
Trd, 863674.818, 106
Trd, 863675.634, 101
Trd, 863675.718, 103
Trd, 863675.884, 102
Trd, 863677.184, 104
Trd, 863678.034, 104
Trd, 863678.651, 105
Trd, 863678.834, 104
Trd, 863679.118, 106
Trd, 863679.284, 108
Trd, 863679.418, 104
Trd, 863679.484, 103
Trd, 863679.501, 101
Trd, 863679.634, 109
Trd, 863679.734, 98
Trd, 863680.301, 102
Trd, 863680.768, 101
Trd, 863681.001, 96
Trd, 863682.368, 97
Trd, 863682.451, 101
Trd, 863682.668, 95
Trd, 863682.834, 96
Trd, 863682.884, 94
Trd, 863683.134, 94
Trd, 863683.584, 95
Trd, 863684.001, 95
Trd, 863684.518, 95
Trd, 863684.551, 94
Trd, 863684.901, 94
Trd, 863684.934, 95
Trd, 863685.951, 100
Trd, 863686.318, 101
Trd, 863686.401, 102
Trd, 863686.618, 99
Trd, 863686.718, 99
Trd, 863687.784, 102
Trd, 863688.201, 101
Trd, 863688.384, 102
Trd, 863688.601, 103
Trd, 863688.751, 105
Trd, 863689.234, 102
Trd, 863689.368, 100
Trd, 863689.651, 98
Trd, 863689.884, 95
Trd, 863690.434, 106
Trd, 863690.868, 92
Trd, 863691.201, 108
Trd, 863691.434, 96
Trd, 863691.951, 100
Trd, 863692.351, 99
Trd, 863692.384, 100
Trd, 863693.384, 106
Trd, 863693.951, 103
Trd, 863694.018, 104
Trd, 863694.101, 107
Trd, 863694.218, 103
Trd, 863694.518, 103
Trd, 863694.751, 101
Trd, 863694.968, 101
Trd, 863695.101, 103
Trd, 863696.151, 102
Trd, 863696.268, 95
Trd, 863696.651, 107
Trd, 863696.901, 96
Trd, 863697.301, 104
Trd, 863697.318, 108
Trd, 863697.468, 96
Trd, 863697.584, 93
Trd, 863699.218, 100
Trd, 863699.534, 102
Trd, 863699.951, 102
Trd, 863700.018, 103
Trd, 863700.384, 103
Trd, 863700.484, 103
Trd, 863701.018, 103
Trd, 863701.168, 101
Trd, 863701.734, 105
Trd, 863701.801, 107
Trd, 863702.034, 98
Trd, 863702.384, 99
Trd, 863702.801, 98
Trd, 863703.234, 98
Trd, 863703.251, 95
Trd, 863704.134, 97
Trd, 863704.234, 97
Trd, 863704.418, 95
Trd, 863704.634, 96
Trd, 863704.851, 90
Trd, 863705.168, 88
Trd, 863705.184, 95
Trd, 863705.468, 95
Trd, 863705.801, 99
Trd, 863706.851, 96
Trd, 863707.251, 95
Trd, 863707.784, 96
Trd, 863708.168, 96
Trd, 863708.668, 97
Trd, 863708.918, 96
Trd, 863709.201, 97
Trd, 863709.284, 99
Trd, 863709.618, 101
Trd, 863709.701, 96
Trd, 863709.768, 104
Trd, 863710.301, 99
Trd, 863710.518, 98
Trd, 863711.184, 100
Trd, 863711.201, 99
Trd, 863711.284, 96
Trd, 863711.468, 104
Trd, 863711.634, 105
Trd, 863711.934, 97
Trd, 863712.584, 105
Trd, 863713.534, 102
Trd, 863713.801, 101
Trd, 863713.834, 102
Trd, 863714.568, 105
Trd, 863714.818, 104
Trd, 863715.468, 104
Trd, 863715.534, 105
Trd, 863715.701, 103
Trd, 863715.834, 98
Trd, 863716.068, 107
Trd, 863716.568, 98
Trd, 863717.418, 96
Trd, 863717.468, 97
Trd, 863717.618, 95
Trd, 863718.134, 96
Trd, 863718.834, 98
Trd, 863719.251, 99
Trd, 863719.634, 100
Trd, 863719.818, 100
Trd, 863720.468, 101
Trd, 863720.901, 101
Trd, 863720.968, 103
Trd, 863721.018, 107
Trd, 863721.284, 112
Trd, 863722.601, 110
Trd, 863722.918, 111
Trd, 863723.201, 111
Trd, 863723.401, 111
Trd, 863723.651, 111
Trd, 863723.684, 109
Trd, 863723.951, 106
Trd, 863724.251, 101
Trd, 863724.268, 98
Trd, 863724.468, 96
Trd, 863724.751, 109
Trd, 863725.618, 114
Trd, 863725.751, 117
Trd, 863726.618, 97
Trd, 863727.018, 97
Trd, 863727.234, 96
Trd, 863727.301, 95
Trd, 863727.518, 103
Trd, 863727.601, 94
Trd, 863728.318, 98
Trd, 863728.651, 99
Trd, 863728.851, 97
Trd, 863729.768, 98
Trd, 863730.101, 97
Trd, 863730.468, 98
Trd, 863731.068, 101
Trd, 863731.184, 100
Trd, 863731.234, 106
Trd, 863731.834, 104
Trd, 863732.001, 102
Trd, 863732.034, 101
Trd, 863732.051, 100
Trd, 863732.151, 100
Trd, 863732.284, 100
Trd, 863732.634, 102
Trd, 863732.701, 96
Trd, 863732.834, 103
Trd, 863733.268, 95
Trd, 863734.151, 101
Trd, 863734.651, 101
Trd, 863735.118, 97
Trd, 863735.351, 96
Trd, 863735.418, 109
Trd, 863735.718, 101
Trd, 863736.384, 99
Trd, 863737.201, 100
Trd, 863737.601, 99
Trd, 863737.968, 98
Trd, 863738.001, 99
Trd, 863738.618, 99
Trd, 863738.918, 96
Trd, 863739.018, 94
Trd, 863739.134, 93
Trd, 863739.318, 105
Trd, 863740.734, 101
Trd, 863740.868, 103
Trd, 863740.901, 102
Trd, 863740.968, 101
Trd, 863741.268, 99
Trd, 863741.651, 104
Trd, 863742.434, 103
Trd, 863742.584, 105
Trd, 863743.201, 102
Trd, 863743.234, 101
Trd, 863743.351, 103
Trd, 863743.718, 100
Trd, 863744.234, 102
Trd, 863744.384, 102
Trd, 863744.751, 102
Trd, 863745.018, 105
Trd, 863745.168, 101
Trd, 863745.651, 99
Trd, 863747.068, 107
Trd, 863747.101, 103
Trd, 863747.651, 103
Trd, 863748.534, 104
Trd, 863748.618, 103
Trd, 863748.718, 102
Trd, 863748.751, 105
Trd, 863749.034, 101
Trd, 863749.168, 101
Trd, 863750.318, 102
Trd, 863750.351, 103
Trd, 863750.484, 101
Trd, 863750.518, 98
Trd, 863751.018, 97
Trd, 863751.151, 104
Trd, 863751.268, 95
Trd, 863751.818, 98
Trd, 863751.951, 102
Trd, 863752.068, 99
Trd, 863752.251, 98
Trd, 863753.168, 97
Trd, 863753.468, 103
Trd, 863753.734, 96
Trd, 863754.534, 93
Trd, 863754.701, 94
Trd, 863755.584, 102
Trd, 863755.818, 98
Trd, 863756.501, 102
Trd, 863756.768, 101
Trd, 863757.051, 100
Trd, 863757.118, 103
Trd, 863757.334, 95
Trd, 863757.734, 83
Trd, 863757.868, 82
Trd, 863758.318, 98
Trd, 863758.601, 104
Trd, 863759.368, 101
Trd, 863759.451, 102
Trd, 863760.501, 100
Trd, 863761.184, 104
Trd, 863761.268, 105
Trd, 863761.751, 104
Trd, 863762.134, 105
Trd, 863762.168, 107
Trd, 863762.268, 104
Trd, 863762.318, 109
Trd, 863763.234, 104
Trd, 863763.451, 104
Trd, 863763.851, 107
Trd, 863763.868, 108
Trd, 863764.284, 106
Trd, 863764.818, 103
Trd, 863765.184, 103
Trd, 863765.551, 111
Trd, 863765.768, 104
Trd, 863766.384, 105
Trd, 863767.034, 104
Trd, 863767.184, 102
Trd, 863767.368, 101
Trd, 863767.751, 98
Trd, 863767.768, 97
Trd, 863768.434, 97
Trd, 863768.484, 104
Trd, 863768.568, 97
Trd, 863768.668, 96
Trd, 863769.468, 102
Trd, 863769.584, 103
Trd, 863770.334, 99
Trd, 863770.784, 101
Trd, 863771.051, 100
Trd, 863771.084, 104
Trd, 863771.801, 102
Trd, 863772.268, 104
Trd, 863772.534, 104
Trd, 863772.834, 105
Trd, 863772.868, 104
Trd, 863772.984, 104
Trd, 863773.118, 103
Trd, 863773.584, 96
Trd, 863773.801, 96
Trd, 863774.234, 106
Trd, 863774.434, 95
Trd, 863774.484, 108
Trd, 863774.784, 95
Trd, 863775.184, 96
Trd, 863775.218, 109
Trd, 863775.718, 93
Trd, 863775.768, 90
Trd, 863775.868, 101
Trd, 863776.418, 111
Trd, 863776.868, 92
Trd, 863778.268, 94
Trd, 863778.284, 93
Trd, 863778.668, 92
Trd, 863779.084, 102
Trd, 863779.801, 103
Trd, 863779.918, 102
Trd, 863780.001, 101
Trd, 863780.168, 100
Trd, 863780.201, 99
Trd, 863780.451, 107
Trd, 863781.301, 105
Trd, 863781.368, 111
Trd, 863781.601, 102
Trd, 863782.218, 103
Trd, 863782.301, 102
Trd, 863782.651, 104
Trd, 863783.868, 98
Trd, 863784.118, 95
Trd, 863784.334, 102
Trd, 863784.884, 102
Trd, 863785.168, 98
Trd, 863786.068, 100
Trd, 863786.134, 102
Trd, 863786.284, 100
Trd, 863786.334, 103
Trd, 863786.884, 101
Trd, 863787.118, 100
Trd, 863787.584, 99
Trd, 863787.668, 98
Trd, 863788.534, 98
Trd, 863788.934, 96
Trd, 863789.218, 96
Trd, 863789.234, 106
Trd, 863789.618, 106
Trd, 863789.734, 97
Trd, 863790.168, 110
Trd, 863791.251, 106
Trd, 863791.884, 106
Trd, 863792.001, 106
Trd, 863792.018, 103
Trd, 863792.334, 101
Trd, 863792.484, 105
Trd, 863792.701, 96
Trd, 863792.951, 106
Trd, 863793.651, 95
Trd, 863794.334, 94
Trd, 863794.368, 93
Trd, 863794.618, 93
Trd, 863794.718, 103
Trd, 863794.984, 105
Trd, 863796.168, 101
Trd, 863796.201, 99
Trd, 863796.734, 101
Trd, 863797.068, 100
Trd, 863797.451, 99
Trd, 863797.768, 100
Trd, 863798.218, 100
Trd, 863798.684, 98
Trd, 863798.818, 102
Trd, 863799.101, 98
Trd, 863799.168, 102
Trd, 863799.234, 98
Trd, 863799.434, 97
Trd, 863799.784, 98
Trd, 863801.234, 99
Trd, 863801.351, 99
Trd, 863801.568, 106
Trd, 863801.918, 100
Trd, 863801.951, 99
Trd, 863802.001, 98
Trd, 863802.951, 99
Trd, 863803.384, 111
Trd, 863804.068, 105
Trd, 863804.218, 102
Trd, 863804.451, 101
Trd, 863804.851, 109
Trd, 863805.051, 103
Trd, 863805.101, 112
Trd, 863805.401, 111
Trd, 863805.551, 102
Trd, 863805.601, 98
Trd, 863806.651, 112
Trd, 863807.401, 110
Trd, 863807.551, 109
Trd, 863807.634, 110
Trd, 863807.768, 106
Trd, 863808.201, 98
Trd, 863808.734, 98
Trd, 863809.084, 98
Trd, 863809.634, 101
Trd, 863809.784, 102
Trd, 863809.868, 101
Trd, 863811.084, 103
Trd, 863811.251, 102
Trd, 863811.434, 103
Trd, 863811.968, 103
Trd, 863812.534, 101
Trd, 863812.601, 99
Trd, 863812.618, 102
Trd, 863813.184, 98
Trd, 863813.618, 98
Trd, 863813.934, 95
Trd, 863814.468, 100
Trd, 863814.768, 102
Trd, 863814.951, 100
Trd, 863815.234, 99
Trd, 863815.368, 104
Trd, 863816.218, 104
Trd, 863816.501, 109
Trd, 863816.718, 104
Trd, 863817.584, 106
Trd, 863817.801, 106
Trd, 863818.234, 105
Trd, 863818.284, 104
Trd, 863818.484, 105
Trd, 863818.668, 106
Trd, 863818.734, 106
Trd, 863819.101, 106
Trd, 863819.318, 113
Trd, 863819.684, 105
Trd, 863819.768, 101
Trd, 863819.868, 99
Trd, 863820.018, 98
Trd, 863820.634, 102
Trd, 863821.584, 100
Trd, 863821.668, 99
Trd, 863822.101, 97
Trd, 863822.351, 97
Trd, 863823.151, 99
Trd, 863823.468, 98
Trd, 863823.868, 103
Trd, 863824.084, 96
Trd, 863824.451, 98
Trd, 863824.651, 100
Trd, 863824.884, 100
Trd, 863824.968, 100
Trd, 863825.251, 97
Trd, 863825.518, 98
Trd, 863825.684, 99
Trd, 863826.034, 98
Trd, 863826.051, 95
Trd, 863826.184, 93
Trd, 863826.418, 97
Trd, 863826.718, 101
Trd, 863827.451, 97
Trd, 863828.201, 97
Trd, 863828.334, 100
Trd, 863828.551, 100
Trd, 863828.884, 104
Trd, 863829.251, 99
Trd, 863829.368, 98
Trd, 863829.384, 99
Trd, 863829.668, 101
Trd, 863830.351, 102
Trd, 863830.568, 100
Trd, 863831.268, 97
Trd, 863831.484, 96
Trd, 863831.618, 97
Trd, 863831.651, 98
Trd, 863831.684, 97
Trd, 863831.751, 101
Trd, 863831.901, 94
Trd, 863832.001, 93
Trd, 863832.468, 103
Trd, 863832.834, 103
Trd, 863833.534, 102
Trd, 863834.184, 93
Trd, 863834.201, 92
Trd, 863835.434, 105
Trd, 863835.684, 94
Trd, 863835.851, 106
Trd, 863836.718, 100
Trd, 863836.884, 101
Trd, 863837.618, 101
Trd, 863837.784, 102
Trd, 863837.918, 104
Trd, 863838.101, 106
Trd, 863838.668, 107
Trd, 863838.734, 105
Trd, 863838.934, 98
Trd, 863839.384, 95
Trd, 863840.501, 98
Trd, 863840.568, 96
Trd, 863840.801, 94
Trd, 863840.834, 93
Trd, 863840.968, 90
Trd, 863841.934, 95
Trd, 863842.451, 96
Trd, 863842.518, 97
Trd, 863842.868, 99
Trd, 863843.201, 99
Trd, 863843.818, 98
Trd, 863844.418, 99
Trd, 863845.018, 105
Trd, 863845.184, 101
Trd, 863845.351, 103
Trd, 863845.584, 106
Trd, 863845.734, 101
Trd, 863845.951, 108
Trd, 863846.451, 100
Trd, 863846.568, 99
Trd, 863846.751, 110
Trd, 863847.518, 94
Trd, 863847.701, 92
Trd, 863848.934, 97
Trd, 863848.968, 96
Trd, 863849.218, 99
Trd, 863849.418, 101
Trd, 863849.451, 100
Trd, 863849.584, 99
Trd, 863849.684, 102
Trd, 863850.134, 101
Trd, 863850.351, 102
Trd, 863850.401, 106
Trd, 863850.668, 98
Trd, 863850.801, 101
Trd, 863851.234, 102
Trd, 863851.251, 111
Trd, 863851.584, 112
Trd, 863852.301, 101
Trd, 863852.518, 107
Trd, 863852.934, 106
Trd, 863852.951, 105
Trd, 863853.551, 105
Trd, 863854.101, 102
Trd, 863854.168, 103
Trd, 863854.268, 101
Trd, 863854.418, 97
Trd, 863854.551, 111
Trd, 863854.768, 94
Trd, 863855.568, 111
Trd, 863856.568, 113
Trd, 863856.718, 112
Trd, 863856.901, 110
Trd, 863857.001, 113
Trd, 863857.368, 106
Trd, 863857.618, 103
Trd, 863858.368, 107
Trd, 863858.551, 103
Trd, 863858.901, 102
Trd, 863859.051, 98
Trd, 863859.918, 102
Trd, 863860.218, 98
Trd, 863860.651, 97
Trd, 863861.018, 98
Trd, 863861.034, 97
Trd, 863861.401, 99
Trd, 863861.568, 98
Trd, 863863.101, 100
Trd, 863863.351, 99
Trd, 863864.068, 98
Trd, 863864.118, 100
Trd, 863864.251, 96
Trd, 863864.884, 105
Trd, 863865.051, 97
Trd, 863865.084, 105
Trd, 863865.468, 97
Trd, 863865.584, 95
Trd, 863866.551, 95
Trd, 863866.751, 94
Trd, 863866.951, 95
Trd, 863867.434, 94
Trd, 863867.684, 95
Trd, 863867.801, 93
Trd, 863868.218, 96
Trd, 863868.634, 95
Trd, 863869.351, 99
Trd, 863869.501, 101
Trd, 863870.551, 103
Trd, 863870.668, 104
Trd, 863870.684, 102
Trd, 863870.734, 104
Trd, 863871.001, 102
Trd, 863871.084, 103
Trd, 863871.634, 102
Trd, 863871.818, 101
Trd, 863872.051, 106
Trd, 863872.234, 109
Trd, 863872.301, 112
Trd, 863872.451, 97
Trd, 863872.718, 96
Trd, 863873.868, 98
Trd, 863874.251, 99
Trd, 863874.651, 99
Trd, 863875.134, 99
Trd, 863875.201, 100
Trd, 863875.934, 97
Trd, 863876.601, 100
Trd, 863876.801, 99
Trd, 863877.434, 100
Trd, 863877.634, 100
Trd, 863878.668, 103
Trd, 863879.018, 102
Trd, 863879.134, 101
Trd, 863879.184, 91
Trd, 863879.551, 103
Trd, 863880.001, 105
Trd, 863880.084, 106
Trd, 863880.368, 95
Trd, 863880.634, 93
Trd, 863880.901, 96
Trd, 863881.084, 105
Trd, 863881.418, 96
Trd, 863881.434, 95
Trd, 863881.951, 91
Trd, 863883.118, 102
Trd, 863883.401, 97
Trd, 863883.551, 97
Trd, 863883.684, 100
Trd, 863883.734, 97
Trd, 863884.268, 101
Trd, 863884.284, 100
Trd, 863884.568, 99
Trd, 863885.084, 101
Trd, 863885.651, 102
Trd, 863885.801, 103
Trd, 863885.984, 99
Trd, 863886.084, 106
Trd, 863886.101, 111
Trd, 863886.801, 104
Trd, 863887.284, 100
Trd, 863887.951, 105
Trd, 863888.401, 105
Trd, 863888.601, 103
Trd, 863888.651, 109
Trd, 863888.968, 100
Trd, 863889.351, 100
Trd, 863889.468, 100
Trd, 863889.584, 101
Trd, 863889.668, 105
Trd, 863890.734, 103
Trd, 863891.401, 105
Trd, 863891.684, 99
Trd, 863892.334, 105
Trd, 863892.351, 100
Trd, 863893.284, 104
Trd, 863893.668, 101
Trd, 863893.768, 102
Trd, 863893.934, 100
Trd, 863894.201, 100
Trd, 863894.518, 99
Trd, 863894.668, 98
Trd, 863895.018, 95
Trd, 863895.651, 98
Trd, 863895.684, 97
Trd, 863895.868, 96
Trd, 863896.434, 98
Trd, 863896.518, 98
Trd, 863896.684, 99
Trd, 863896.718, 97
Trd, 863896.734, 105
Trd, 863897.101, 93
Trd, 863897.234, 98
Trd, 863899.584, 101
Trd, 863899.718, 94
Trd, 863900.151, 96
Trd, 863900.351, 95
Trd, 863900.584, 103
Trd, 863901.101, 100
Trd, 863901.818, 99
Trd, 863902.034, 99
Trd, 863902.084, 101
Trd, 863902.218, 99
Trd, 863902.301, 99
Trd, 863902.468, 98
Trd, 863902.568, 105
Trd, 863902.718, 98
Trd, 863903.351, 101
Trd, 863903.668, 104
Trd, 863903.684, 96
Trd, 863904.768, 100
Trd, 863905.284, 101
Trd, 863905.334, 102
Trd, 863906.268, 102
Trd, 863906.701, 105
Trd, 863906.818, 101
Trd, 863906.884, 101
Trd, 863907.318, 100
Trd, 863907.784, 99
Trd, 863908.368, 103
Trd, 863908.601, 98
Trd, 863908.801, 104
Trd, 863909.451, 105
Trd, 863909.568, 100
Trd, 863909.868, 106
Trd, 863910.018, 99
Trd, 863910.234, 99
Trd, 863910.518, 101
Trd, 863910.868, 101
Trd, 863910.984, 101
Trd, 863911.051, 100
Trd, 863911.101, 95
Trd, 863911.818, 91
Trd, 863911.918, 90
Trd, 863912.101, 90
Trd, 863912.868, 90
Trd, 863913.318, 90
Trd, 863913.684, 92
Trd, 863914.501, 94
Trd, 863914.684, 94
Trd, 863915.201, 94
Trd, 863916.284, 95
Trd, 863916.601, 94
Trd, 863916.634, 106
Trd, 863916.968, 101
Trd, 863917.401, 106
Trd, 863917.701, 94
Trd, 863917.918, 108
Trd, 863918.584, 95
Trd, 863918.701, 94
Trd, 863918.784, 94
Trd, 863918.951, 110
Trd, 863919.401, 94
Trd, 863920.018, 104
Trd, 863920.134, 99
Trd, 863920.351, 98
Trd, 863921.151, 99
Trd, 863921.334, 98
Trd, 863921.401, 99
Trd, 863921.501, 96
Trd, 863921.784, 98
Trd, 863922.084, 99
Trd, 863922.484, 99
Trd, 863922.968, 100
Trd, 863923.284, 99
Trd, 863923.518, 97
Trd, 863923.734, 94
Trd, 863923.768, 103
Trd, 863924.401, 102
Trd, 863925.584, 98
Trd, 863926.368, 101
Trd, 863926.534, 103
Trd, 863926.618, 102
Trd, 863926.634, 101
Trd, 863927.368, 106
Trd, 863927.468, 102
Trd, 863927.751, 101
Trd, 863927.934, 93
Trd, 863928.968, 98
Trd, 863929.284, 98
Trd, 863929.401, 104
Trd, 863930.101, 104
Trd, 863930.368, 101
Trd, 863930.418, 103
Trd, 863930.734, 100
Trd, 863930.918, 98
Trd, 863931.701, 93
Trd, 863933.284, 96
Trd, 863933.401, 97
Trd, 863933.734, 96
Trd, 863933.934, 98
Trd, 863934.251, 99
Trd, 863934.401, 106
Trd, 863934.551, 107
Trd, 863934.701, 102
Trd, 863934.834, 110
Trd, 863934.901, 102
Trd, 863935.001, 101
Trd, 863935.618, 98
Trd, 863935.851, 97
Trd, 863936.118, 97
Trd, 863936.268, 98
Trd, 863936.568, 98
Trd, 863936.751, 113
Trd, 863936.784, 97
Trd, 863937.218, 117
Trd, 863937.968, 98
Trd, 863938.434, 98
Trd, 863938.884, 98
Trd, 863939.168, 96
Trd, 863939.301, 96
Trd, 863939.784, 95
Trd, 863940.151, 97
Trd, 863940.401, 96
Trd, 863940.834, 95
Trd, 863941.568, 93
Trd, 863941.968, 92
Trd, 863942.134, 94
Trd, 863942.901, 98
Trd, 863943.068, 97
Trd, 863943.951, 101
Trd, 863944.101, 100
Trd, 863944.168, 101
Trd, 863944.234, 102
Trd, 863944.484, 101
Trd, 863944.601, 99
Trd, 863944.718, 98
Trd, 863945.068, 106
Trd, 863945.284, 109
Trd, 863946.668, 98
Trd, 863946.934, 97
Trd, 863947.318, 95
Trd, 863947.618, 101
Trd, 863948.234, 98
Trd, 863948.834, 100
Trd, 863949.101, 100
Trd, 863949.184, 102
Trd, 863949.318, 103
Trd, 863949.418, 102
Trd, 863950.001, 105
Trd, 863950.334, 104
Trd, 863950.618, 104
Trd, 863950.701, 103
Trd, 863950.851, 103
Trd, 863951.068, 104
Trd, 863951.851, 103
Trd, 863951.934, 106
Trd, 863952.118, 102
Trd, 863952.468, 101
Trd, 863952.784, 99
Trd, 863953.284, 99
Trd, 863953.351, 105
Trd, 863953.384, 106
Trd, 863953.534, 111
Trd, 863953.718, 101
Trd, 863954.401, 98
Trd, 863954.868, 86
Trd, 863955.334, 90
Trd, 863955.434, 90
Trd, 863955.984, 101
Trd, 863956.001, 92
Trd, 863956.484, 104
Trd, 863957.534, 104
Trd, 863958.034, 101
Trd, 863958.368, 103
Trd, 863958.401, 104
Trd, 863958.468, 103
Trd, 863958.568, 102
Trd, 863959.318, 103
Trd, 863959.484, 102
Trd, 863959.584, 105
Trd, 863960.468, 102
Trd, 863960.734, 107
Trd, 863961.484, 101
Trd, 863961.618, 104
Trd, 863961.718, 98
Trd, 863961.801, 95
Trd, 863962.918, 102
Trd, 863963.051, 103
Trd, 863963.268, 97
Trd, 863963.584, 104
Trd, 863963.734, 99
Trd, 863964.434, 101
Trd, 863964.618, 99
Trd, 863964.701, 105
Trd, 863965.218, 101
Trd, 863965.551, 103
Trd, 863966.101, 102
Trd, 863966.184, 102
Trd, 863966.918, 104
Trd, 863966.951, 103
Trd, 863967.801, 104
Trd, 863968.034, 102
Trd, 863968.318, 102
Trd, 863968.418, 101
Trd, 863968.851, 103
Trd, 863969.484, 103
Trd, 863969.551, 105
Trd, 863970.068, 104
Trd, 863971.168, 104
Trd, 863971.418, 106
Trd, 863971.484, 104
Trd, 863972.034, 104
Trd, 863972.218, 101
Trd, 863973.018, 103
Trd, 863973.251, 104
Trd, 863973.501, 104
Trd, 863973.784, 106
Trd, 863973.834, 112
Trd, 863974.384, 105
Trd, 863974.834, 104
Trd, 863974.984, 105
Trd, 863975.068, 104
Trd, 863975.084, 100
Trd, 863975.118, 109
Trd, 863975.518, 100
Trd, 863975.918, 98
Trd, 863976.534, 95
Trd, 863976.618, 95
Trd, 863976.834, 97
Trd, 863977.618, 93
Trd, 863977.718, 98
Trd, 863978.018, 90
Trd, 863978.784, 99
Trd, 863979.468, 101
Trd, 863979.601, 101
Trd, 863979.618, 102
Trd, 863979.668, 104
Trd, 863980.384, 109
Trd, 863980.484, 102
Trd, 863981.151, 105
Trd, 863981.518, 104
Trd, 863981.551, 106
Trd, 863981.634, 103
Trd, 863981.801, 102
Trd, 863982.418, 101
Trd, 863982.884, 100
Trd, 863983.251, 100
Trd, 863983.401, 102
Trd, 863983.518, 102
Trd, 863983.718, 102
Trd, 863983.868, 105
Trd, 863984.018, 102
Trd, 863984.034, 98
Trd, 863984.184, 113
Trd, 863984.451, 109
Trd, 863985.434, 99
Trd, 863985.918, 102
Trd, 863986.034, 98
Trd, 863986.451, 98
Trd, 863986.568, 96
Trd, 863986.601, 110
Trd, 863986.851, 110
Trd, 863987.684, 97
Trd, 863988.201, 100
Trd, 863988.568, 100
Trd, 863988.651, 99
Trd, 863989.551, 96
Trd, 863989.568, 100
Trd, 863989.651, 95
Trd, 863990.018, 99
Trd, 863990.684, 98
Trd, 863990.868, 97
Trd, 863990.901, 96
Trd, 863991.851, 98
Trd, 863992.368, 93
Trd, 863992.634, 99
Trd, 863993.101, 99
Trd, 863993.234, 99
Trd, 863993.934, 96
Trd, 863994.784, 99
Trd, 863994.834, 99
Trd, 863995.318, 99
Trd, 863995.534, 100
Trd, 863995.918, 99
Trd, 863996.384, 106
Trd, 863996.418, 98
Trd, 863996.451, 96
Trd, 863996.618, 106
Trd, 863997.084, 97
Trd, 863999.301, 105
Trd, 863999.784, 105
Trd, 863999.868, 104
