Trd, 863294.468, 106
Trd, 863295.134, 97
Trd, 863295.551, 98
Trd, 863296.734, 101
Trd, 863297.384, 97
Trd, 863297.634, 100
Trd, 863298.168, 94
Trd, 863298.801, 108
Trd, 863299.218, 94
Trd, 863300.318, 87
Trd, 863300.951, 97
Trd, 863301.018, 102
Trd, 863302.018, 88
Trd, 863303.118, 99
Trd, 863303.318, 108
Trd, 863303.734, 112
Trd, 863304.134, 110
Trd, 863304.384, 119
Trd, 863304.434, 98
Trd, 863305.134, 113
Trd, 863305.268, 110
Trd, 863305.551, 114
Trd, 863305.968, 88
Trd, 863306.434, 100
Trd, 863306.468, 105
Trd, 863307.818, 91
Trd, 863308.534, 110
Trd, 863308.651, 88
Trd, 863308.951, 88
Trd, 863310.284, 99
Trd, 863311.668, 107
Trd, 863311.701, 102
Trd, 863313.118, 98
Trd, 863313.418, 96
Trd, 863313.484, 101
Trd, 863313.584, 112
Trd, 863314.484, 95
Trd, 863314.568, 103
Trd, 863314.751, 108
Trd, 863315.151, 92
Trd, 863316.001, 101
Trd, 863316.284, 100
Trd, 863316.534, 100
Trd, 863316.818, 97
Trd, 863317.301, 89
Trd, 863317.384, 81
Trd, 863318.234, 106
Trd, 863318.651, 111
Trd, 863318.668, 115
Trd, 863319.084, 97
Trd, 863319.234, 120
Trd, 863319.884, 96
Trd, 863319.968, 96
Trd, 863320.118, 117
Trd, 863320.718, 87
Trd, 863321.684, 92
Trd, 863321.884, 124
Trd, 863322.318, 106
Trd, 863322.468, 103
Trd, 863323.334, 110
Trd, 863323.351, 108
Trd, 863323.868, 112
Trd, 863324.851, 95
Trd, 863325.034, 117
Trd, 863326.151, 96
Trd, 863326.401, 102
Trd, 863326.768, 108
Trd, 863326.851, 113
Trd, 863328.184, 99
Trd, 863328.501, 103
Trd, 863328.801, 99
Trd, 863328.834, 96
Trd, 863330.084, 89
Trd, 863330.618, 106
Trd, 863331.084, 108
Trd, 863331.168, 102
Trd, 863331.751, 100
Trd, 863331.901, 99
Trd, 863332.051, 100
Trd, 863332.418, 93
Trd, 863332.984, 101
Trd, 863333.601, 96
Trd, 863333.768, 103
Trd, 863333.834, 94
Trd, 863333.984, 115
Trd, 863334.184, 92
Trd, 863334.434, 104
Trd, 863334.618, 108
Trd, 863335.568, 102
Trd, 863335.851, 108
Trd, 863335.934, 112
Trd, 863336.068, 116
Trd, 863336.951, 91
Trd, 863337.051, 111
Trd, 863337.251, 87
Trd, 863337.718, 113
Trd, 863338.651, 109
Trd, 863338.968, 88
Trd, 863340.401, 103
Trd, 863340.468, 114
Trd, 863340.501, 115
Trd, 863340.651, 103
Trd, 863340.834, 102
Trd, 863340.918, 97
Trd, 863341.984, 102
Trd, 863342.984, 116
Trd, 863343.001, 121
Trd, 863343.301, 95
Trd, 863343.418, 94
Trd, 863344.118, 116
Trd, 863344.751, 103
Trd, 863344.884, 103
Trd, 863345.151, 94
Trd, 863345.568, 111
Trd, 863346.684, 112
Trd, 863347.368, 103
Trd, 863348.434, 108
Trd, 863348.834, 115
Trd, 863349.201, 112
Trd, 863349.284, 120
Trd, 863349.751, 109
Trd, 863350.201, 111
Trd, 863350.434, 108
Trd, 863351.451, 120
Trd, 863351.518, 109
Trd, 863351.634, 97
Trd, 863352.168, 113
Trd, 863352.834, 87
Trd, 863353.218, 104
Trd, 863353.584, 96
Trd, 863353.601, 90
Trd, 863353.951, 89
Trd, 863354.568, 82
Trd, 863354.751, 109
Trd, 863354.834, 100
Trd, 863355.251, 100
Trd, 863356.084, 99
Trd, 863356.418, 89
Trd, 863357.234, 110
Trd, 863357.768, 98
Trd, 863357.834, 101
Trd, 863358.418, 113
Trd, 863358.434, 105
Trd, 863358.934, 105
Trd, 863359.384, 124
Trd, 863360.934, 102
Trd, 863361.101, 106
Trd, 863361.551, 89
Trd, 863361.668, 87
Trd, 863362.018, 105
Trd, 863362.751, 86
Trd, 863363.318, 92
Trd, 863363.618, 84
Trd, 863363.801, 100
Trd, 863364.318, 100
Trd, 863364.751, 96
Trd, 863364.768, 104
Trd, 863365.101, 105
Trd, 863365.501, 110
Trd, 863365.551, 111
Trd, 863366.084, 95
Trd, 863366.151, 83
Trd, 863366.701, 79
Trd, 863367.501, 82
Trd, 863367.868, 112
Trd, 863368.618, 101
Trd, 863368.751, 116
Trd, 863369.101, 99
Trd, 863369.568, 97
Trd, 863370.284, 92
Trd, 863371.434, 98
Trd, 863371.701, 93
Trd, 863372.201, 98
Trd, 863372.468, 107
Trd, 863373.184, 108
Trd, 863373.284, 93
Trd, 863374.201, 99
Trd, 863374.534, 100
Trd, 863374.618, 89
Trd, 863375.351, 106
Trd, 863375.801, 92
Trd, 863376.284, 89
Trd, 863376.351, 110
Trd, 863376.484, 97
Trd, 863376.684, 111
Trd, 863377.018, 113
Trd, 863377.984, 98
Trd, 863378.101, 91
Trd, 863378.684, 91
Trd, 863379.434, 101
Trd, 863380.401, 102
Trd, 863380.934, 109
Trd, 863381.001, 95
Trd, 863381.351, 97
Trd, 863381.768, 102
Trd, 863382.168, 112
Trd, 863382.318, 88
Trd, 863382.734, 85
Trd, 863383.234, 114
Trd, 863383.301, 107
Trd, 863383.651, 105
Trd, 863383.701, 103
Trd, 863384.134, 97
Trd, 863384.818, 97
Trd, 863385.051, 90
Trd, 863385.768, 103
Trd, 863385.951, 118
Trd, 863386.351, 92
Trd, 863386.884, 90
Trd, 863387.184, 87
Trd, 863388.001, 123
Trd, 863389.234, 107
Trd, 863389.334, 108
Trd, 863389.584, 113
Trd, 863390.034, 100
Trd, 863390.651, 98
Trd, 863390.668, 96
Trd, 863390.818, 104
Trd, 863391.234, 91
Trd, 863391.734, 97
Trd, 863391.768, 104
Trd, 863393.268, 93
Trd, 863393.318, 93
Trd, 863394.218, 95
Trd, 863395.318, 95
Trd, 863395.668, 87
Trd, 863395.884, 101
Trd, 863396.451, 102
Trd, 863396.818, 109
Trd, 863396.868, 104
Trd, 863396.951, 114
Trd, 863398.268, 94
Trd, 863398.301, 91
Trd, 863398.918, 98
Trd, 863399.484, 79
Trd, 863399.518, 100
Trd, 863399.634, 77
Trd, 863400.418, 86
Trd, 863400.618, 78
Trd, 863400.951, 102
Trd, 863401.251, 109
Trd, 863402.418, 92
Trd, 863402.551, 91
Trd, 863403.051, 99
Trd, 863403.701, 111
Trd, 863404.518, 96
Trd, 863404.718, 112
Trd, 863404.968, 94
Trd, 863406.101, 116
Trd, 863406.651, 125
Trd, 863406.918, 104
Trd, 863407.901, 102
Trd, 863408.384, 98
Trd, 863408.901, 108
Trd, 863409.034, 97
Trd, 863409.368, 91
Trd, 863409.884, 84
Trd, 863409.934, 83
Trd, 863410.284, 93
Trd, 863410.851, 85
Trd, 863410.918, 97
Trd, 863410.934, 85
Trd, 863411.018, 100
Trd, 863411.384, 114
Trd, 863411.634, 99
Trd, 863412.701, 105
Trd, 863413.184, 115
Trd, 863413.884, 97
Trd, 863414.084, 96
Trd, 863414.351, 105
Trd, 863415.368, 108
Trd, 863415.801, 109
Trd, 863415.834, 108
Trd, 863415.934, 112
Trd, 863415.968, 113
Trd, 863416.301, 89
Trd, 863416.934, 104
Trd, 863417.118, 101
Trd, 863417.268, 97
Trd, 863418.884, 85
Trd, 863419.434, 87
Trd, 863420.884, 84
Trd, 863421.251, 79
Trd, 863421.268, 89
Trd, 863421.584, 75
Trd, 863422.001, 98
Trd, 863422.168, 102
Trd, 863422.201, 110
Trd, 863423.068, 105
Trd, 863423.384, 99
Trd, 863423.984, 100
Trd, 863425.868, 95
Trd, 863426.151, 100
Trd, 863426.234, 94
Trd, 863427.168, 103
Trd, 863427.284, 99
Trd, 863427.834, 101
Trd, 863428.251, 99
Trd, 863428.501, 91
Trd, 863428.884, 101
Trd, 863429.384, 96
Trd, 863429.601, 88
Trd, 863429.818, 107
Trd, 863430.101, 99
Trd, 863430.534, 107
Trd, 863431.484, 109
Trd, 863432.118, 106
Trd, 863432.468, 111
Trd, 863432.618, 109
Trd, 863432.634, 108
Trd, 863432.651, 99
Trd, 863433.551, 114
Trd, 863434.268, 96
Trd, 863435.534, 98
Trd, 863435.834, 91
Trd, 863435.951, 105
Trd, 863436.334, 104
Trd, 863436.434, 108
Trd, 863436.734, 100
Trd, 863437.018, 110
Trd, 863437.151, 85
Trd, 863437.201, 111
Trd, 863437.818, 90
Trd, 863438.634, 109
Trd, 863439.618, 88
Trd, 863439.984, 101
Trd, 863440.018, 108
Trd, 863441.001, 98
Trd, 863442.034, 107
Trd, 863442.384, 111
Trd, 863442.418, 99
Trd, 863442.434, 99
Trd, 863442.818, 96
Trd, 863443.318, 104
Trd, 863443.634, 97
Trd, 863444.218, 109
Trd, 863444.284, 108
Trd, 863446.801, 98
Trd, 863446.934, 97
Trd, 863448.001, 108
Trd, 863448.051, 103
Trd, 863448.401, 96
Trd, 863448.568, 109
Trd, 863448.801, 108
Trd, 863449.101, 115
Trd, 863449.334, 94
Trd, 863449.518, 88
Trd, 863449.584, 86
Trd, 863449.851, 98
Trd, 863449.934, 105
Trd, 863450.551, 107
Trd, 863450.968, 110
Trd, 863452.318, 110
Trd, 863452.818, 100
Trd, 863453.101, 103
Trd, 863453.234, 100
Trd, 863453.518, 98
Trd, 863453.584, 95
Trd, 863453.851, 77
Trd, 863454.501, 107
Trd, 863456.401, 86
Trd, 863456.668, 86
Trd, 863456.818, 93
Trd, 863457.501, 105
Trd, 863457.651, 98
Trd, 863457.701, 95
Trd, 863457.768, 101
Trd, 863457.901, 89
Trd, 863458.018, 99
Trd, 863458.884, 109
Trd, 863459.368, 104
Trd, 863459.834, 118
Trd, 863460.368, 88
Trd, 863460.868, 120
Trd, 863460.951, 115
Trd, 863461.134, 99
Trd, 863461.401, 102
Trd, 863461.851, 89
Trd, 863462.601, 99
Trd, 863462.701, 84
Trd, 863462.851, 84
Trd, 863464.901, 91
Trd, 863465.234, 104
Trd, 863465.618, 102
Trd, 863465.684, 109
Trd, 863466.101, 110
Trd, 863466.568, 111
Trd, 863466.601, 107
Trd, 863466.634, 97
Trd, 863467.501, 117
Trd, 863468.118, 99
Trd, 863468.468, 88
Trd, 863468.668, 86
Trd, 863469.168, 96
Trd, 863469.401, 95
Trd, 863469.934, 103
Trd, 863470.851, 109
Trd, 863471.034, 90
Trd, 863471.618, 94
Trd, 863471.701, 111
Trd, 863471.901, 94
Trd, 863471.951, 87
Trd, 863472.768, 113
Trd, 863472.868, 111
Trd, 863473.751, 112
Trd, 863473.868, 114
Trd, 863474.318, 87
Trd, 863474.384, 88
Trd, 863474.501, 86
Trd, 863475.134, 117
Trd, 863475.151, 112
Trd, 863475.784, 118
Trd, 863476.434, 97
Trd, 863476.784, 105
Trd, 863477.951, 109
Trd, 863478.168, 103
Trd, 863478.268, 103
Trd, 863478.934, 97
Trd, 863479.134, 90
Trd, 863479.151, 89
Trd, 863479.684, 101
Trd, 863479.918, 112
Trd, 863480.001, 113
Trd, 863480.151, 114
Trd, 863480.484, 102
Trd, 863480.901, 111
Trd, 863482.618, 95
Trd, 863483.034, 82
Trd, 863483.668, 94
Trd, 863483.884, 86
Trd, 863484.151, 105
Trd, 863485.184, 109
Trd, 863485.651, 99
Trd, 863485.734, 104
Trd, 863486.568, 87
Trd, 863487.834, 96
Trd, 863487.901, 96
Trd, 863488.768, 99
Trd, 863489.201, 90
Trd, 863489.568, 101
Trd, 863490.051, 119
Trd, 863490.301, 126
Trd, 863490.434, 108
Trd, 863490.768, 113
Trd, 863491.518, 123
Trd, 863492.901, 99
Trd, 863493.934, 104
Trd, 863494.051, 107
Trd, 863494.168, 94
Trd, 863494.601, 93
Trd, 863495.201, 110
Trd, 863495.251, 114
Trd, 863496.751, 90
Trd, 863496.834, 96
Trd, 863497.118, 104
Trd, 863497.484, 88
Trd, 863498.334, 88
Trd, 863498.784, 94
Trd, 863499.234, 98
Trd, 863499.384, 92
Trd, 863499.818, 93
Trd, 863500.051, 102
Trd, 863500.551, 85
Trd, 863502.618, 104
Trd, 863502.968, 104
Trd, 863503.684, 98
Trd, 863503.884, 90
Trd, 863504.118, 103
Trd, 863504.151, 112
Trd, 863504.318, 113
Trd, 863504.984, 103
Trd, 863505.118, 110
Trd, 863505.768, 104
Trd, 863505.834, 112
Trd, 863506.401, 104
Trd, 863506.768, 101
Trd, 863506.951, 116
Trd, 863507.718, 86
Trd, 863508.018, 95
Trd, 863508.984, 111
Trd, 863509.751, 116
Trd, 863510.134, 103
Trd, 863510.551, 99
Trd, 863511.434, 126
Trd, 863512.418, 102
Trd, 863512.618, 110
Trd, 863513.551, 108
Trd, 863514.084, 115
Trd, 863514.201, 97
Trd, 863514.768, 102
Trd, 863515.168, 119
Trd, 863515.568, 77
Trd, 863515.751, 98
Trd, 863515.884, 108
Trd, 863516.434, 108
Trd, 863516.751, 105
Trd, 863516.968, 108
Trd, 863518.584, 114
Trd, 863519.818, 106
Trd, 863519.918, 110
Trd, 863520.034, 101
Trd, 863520.101, 98
Trd, 863520.551, 93
Trd, 863521.168, 106
Trd, 863521.251, 111
Trd, 863521.501, 84
Trd, 863522.001, 78
Trd, 863522.584, 90
Trd, 863522.868, 102
Trd, 863523.201, 110
Trd, 863523.901, 105
Trd, 863523.984, 108
Trd, 863524.651, 102
Trd, 863524.918, 93
Trd, 863525.418, 118
Trd, 863526.601, 93
Trd, 863526.884, 90
Trd, 863526.951, 115
Trd, 863527.918, 90
Trd, 863528.001, 102
Trd, 863528.851, 98
Trd, 863529.101, 96
Trd, 863529.384, 102
Trd, 863529.901, 110
Trd, 863530.001, 90
Trd, 863530.268, 115
Trd, 863530.434, 103
Trd, 863531.068, 100
Trd, 863531.684, 94
Trd, 863533.251, 100
Trd, 863533.584, 102
Trd, 863534.018, 107
Trd, 863534.834, 95
Trd, 863535.101, 102
Trd, 863535.168, 94
Trd, 863535.284, 107
Trd, 863535.934, 90
Trd, 863536.468, 86
Trd, 863536.818, 100
Trd, 863536.834, 81
Trd, 863536.851, 105
Trd, 863537.018, 104
Trd, 863538.334, 106
Trd, 863538.718, 114
Trd, 863539.184, 116
Trd, 863539.784, 116
Trd, 863540.118, 115
Trd, 863541.051, 122
Trd, 863541.701, 100
Trd, 863541.718, 106
Trd, 863541.901, 98
Trd, 863542.018, 112
Trd, 863542.901, 101
Trd, 863543.851, 106
Trd, 863543.884, 108
Trd, 863544.601, 110
Trd, 863545.251, 112
Trd, 863545.468, 101
Trd, 863545.684, 101
Trd, 863545.768, 115
Trd, 863545.868, 117
Trd, 863546.151, 98
Trd, 863546.284, 97
Trd, 863546.518, 91
Trd, 863547.168, 86
Trd, 863547.518, 89
Trd, 863547.784, 94
Trd, 863549.168, 108
Trd, 863549.701, 109
Trd, 863549.734, 87
Trd, 863550.018, 85
Trd, 863550.434, 81
Trd, 863550.701, 84
Trd, 863551.318, 101
Trd, 863551.734, 93
Trd, 863552.818, 103
Trd, 863552.984, 95
Trd, 863553.584, 108
Trd, 863553.651, 113
Trd, 863553.934, 89
Trd, 863554.001, 115
Trd, 863554.668, 126
Trd, 863555.801, 87
Trd, 863555.951, 97
Trd, 863555.968, 100
Trd, 863556.584, 102
Trd, 863556.784, 100
Trd, 863557.534, 87
Trd, 863557.668, 109
Trd, 863557.684, 110
Trd, 863557.901, 110
Trd, 863558.368, 104
Trd, 863559.068, 112
Trd, 863559.101, 87
Trd, 863559.768, 87
Trd, 863560.018, 119
Trd, 863560.368, 87
Trd, 863561.801, 110
Trd, 863562.501, 111
Trd, 863562.851, 111
Trd, 863563.218, 105
Trd, 863563.251, 112
Trd, 863563.751, 104
Trd, 863564.084, 99
Trd, 863564.284, 110
Trd, 863564.701, 113
Trd, 863564.934, 108
Trd, 863565.084, 123
Trd, 863565.918, 117
Trd, 863566.318, 108
Trd, 863566.701, 112
Trd, 863567.068, 119
Trd, 863567.401, 91
Trd, 863567.901, 101
Trd, 863568.201, 93
Trd, 863568.801, 97
Trd, 863569.851, 79
Trd, 863571.418, 87
Trd, 863571.501, 91
Trd, 863572.618, 98
Trd, 863573.518, 98
Trd, 863573.568, 99
Trd, 863573.918, 97
Trd, 863573.951, 86
Trd, 863574.351, 92
Trd, 863574.368, 100
Trd, 863574.851, 107
Trd, 863575.168, 86
Trd, 863575.251, 108
Trd, 863575.534, 100
Trd, 863576.368, 109
Trd, 863577.534, 112
Trd, 863577.801, 89
Trd, 863578.134, 113
Trd, 863578.351, 108
Trd, 863578.434, 90
Trd, 863579.118, 100
Trd, 863579.568, 90
Trd, 863579.751, 100
Trd, 863580.168, 108
Trd, 863580.268, 108
Trd, 863580.284, 110
Trd, 863581.834, 93
Trd, 863583.234, 96
Trd, 863583.484, 90
Trd, 863583.618, 96
Trd, 863583.684, 90
Trd, 863584.968, 98
Trd, 863585.784, 94
Trd, 863586.051, 105
Trd, 863586.084, 94
Trd, 863586.334, 91
Trd, 863586.401, 107
Trd, 863586.484, 108
Trd, 863587.418, 109
Trd, 863588.868, 102
Trd, 863588.901, 90
Trd, 863589.551, 100
Trd, 863589.734, 100
Trd, 863590.768, 104
Trd, 863590.934, 104
Trd, 863590.984, 94
Trd, 863591.434, 91
Trd, 863591.801, 112
Trd, 863592.268, 112
Trd, 863592.801, 111
Trd, 863592.868, 91
Trd, 863593.184, 117
Trd, 863593.218, 121
Trd, 863594.351, 123
Trd, 863594.484, 108
Trd, 863594.601, 97
Trd, 863595.001, 118
Trd, 863595.184, 120
Trd, 863595.884, 87
Trd, 863596.034, 85
Trd, 863596.734, 111
Trd, 863597.368, 121
Trd, 863597.518, 97
Trd, 863598.068, 111
Trd, 863598.118, 89
Trd, 863598.151, 87
Trd, 863598.568, 107
Trd, 863599.218, 104
Trd, 863599.251, 112
Trd, 863599.601, 92
Trd, 863599.868, 110
Trd, 863600.401, 105
Trd, 863600.851, 108
Trd, 863600.884, 103
Trd, 863601.484, 99
Trd, 863601.918, 98
Trd, 863601.984, 96
Trd, 863602.101, 106
Trd, 863603.218, 98
Trd, 863604.184, 105
Trd, 863604.418, 97
Trd, 863604.668, 110
Trd, 863604.701, 94
Trd, 863605.568, 100
Trd, 863606.134, 103
Trd, 863607.268, 110
Trd, 863607.601, 96
Trd, 863608.334, 92
Trd, 863608.484, 91
Trd, 863608.934, 96
Trd, 863609.534, 102
Trd, 863609.851, 102
Trd, 863610.001, 109
Trd, 863610.201, 116
Trd, 863610.734, 125
Trd, 863610.768, 117
Trd, 863611.068, 117
Trd, 863611.234, 108
Trd, 863611.684, 109
Trd, 863612.768, 96
Trd, 863613.451, 90
Trd, 863614.201, 104
Trd, 863614.368, 108
Trd, 863614.768, 89
Trd, 863615.151, 109
Trd, 863615.434, 100
Trd, 863615.634, 101
Trd, 863616.584, 93
Trd, 863617.201, 105
Trd, 863617.251, 101
Trd, 863617.284, 88
Trd, 863617.401, 109
Trd, 863617.851, 88
Trd, 863619.201, 101
Trd, 863619.484, 100
Trd, 863621.201, 97
Trd, 863621.384, 97
Trd, 863621.634, 106
Trd, 863621.834, 89
Trd, 863622.184, 109
Trd, 863622.618, 109
Trd, 863623.151, 105
Trd, 863623.168, 103
Trd, 863623.501, 106
Trd, 863623.634, 103
Trd, 863623.718, 112
Trd, 863623.934, 97
Trd, 863624.851, 116
Trd, 863627.334, 90
Trd, 863627.434, 109
Trd, 863627.534, 101
Trd, 863628.051, 91
Trd, 863628.684, 90
Trd, 863628.851, 100
Trd, 863628.951, 87
Trd, 863628.984, 83
Trd, 863629.101, 84
Trd, 863629.434, 111
Trd, 863629.584, 95
Trd, 863630.701, 96
Trd, 863630.784, 90
Trd, 863631.351, 105
Trd, 863632.618, 91
Trd, 863632.834, 88
Trd, 863633.251, 112
Trd, 863633.801, 105
Trd, 863634.068, 105
Trd, 863634.968, 109
Trd, 863635.618, 101
Trd, 863635.651, 118
Trd, 863636.218, 113
Trd, 863636.451, 116
Trd, 863636.818, 115
Trd, 863637.118, 102
Trd, 863637.168, 125
Trd, 863637.834, 99
Trd, 863638.918, 99
Trd, 863639.134, 99
Trd, 863639.684, 108
Trd, 863640.468, 92
Trd, 863640.884, 100
Trd, 863641.184, 105
Trd, 863641.301, 91
Trd, 863641.568, 111
Trd, 863642.001, 96
Trd, 863642.151, 115
Trd, 863642.668, 112
Trd, 863642.984, 104
Trd, 863643.084, 104
Trd, 863643.534, 94
Trd, 863644.118, 99
Trd, 863644.668, 93
Trd, 863644.751, 103
Trd, 863644.884, 99
Trd, 863645.718, 86
Trd, 863645.951, 107
Trd, 863646.751, 94
Trd, 863647.151, 91
Trd, 863647.301, 91
Trd, 863647.951, 108
Trd, 863648.434, 87
Trd, 863648.701, 95
Trd, 863649.318, 101
Trd, 863649.434, 103
Trd, 863650.668, 118
Trd, 863650.868, 116
Trd, 863651.151, 110
Trd, 863651.484, 97
Trd, 863652.318, 122
Trd, 863652.601, 102
Trd, 863653.784, 99
Trd, 863653.884, 108
Trd, 863654.234, 74
Trd, 863654.451, 92
Trd, 863654.801, 99
Trd, 863655.334, 91
Trd, 863655.434, 83
Trd, 863656.718, 88
Trd, 863657.151, 92
Trd, 863657.401, 95
Trd, 863657.618, 99
Trd, 863658.218, 106
Trd, 863658.234, 92
Trd, 863658.434, 89
Trd, 863658.651, 92
Trd, 863659.468, 96
Trd, 863659.801, 86
Trd, 863660.401, 103
Trd, 863661.168, 105
Trd, 863661.984, 110
Trd, 863663.401, 108
Trd, 863663.834, 102
Trd, 863664.034, 98
Trd, 863664.518, 110
Trd, 863665.284, 97
Trd, 863665.651, 98
Trd, 863665.984, 105
Trd, 863666.351, 109
Trd, 863666.984, 87
Trd, 863667.001, 93
Trd, 863667.384, 87
Trd, 863667.568, 102
Trd, 863668.068, 95
Trd, 863668.218, 114
Trd, 863668.351, 92
Trd, 863668.434, 118
Trd, 863669.068, 106
Trd, 863669.468, 107
Trd, 863670.401, 107
Trd, 863671.101, 109
Trd, 863671.868, 89
Trd, 863672.718, 101
Trd, 863673.434, 110
Trd, 863673.634, 107
Trd, 863674.468, 102
Trd, 863674.551, 101
Trd, 863675.034, 103
Trd, 863676.334, 99
Trd, 863676.834, 106
Trd, 863677.618, 100
Trd, 863677.768, 107
Trd, 863678.434, 111
Trd, 863678.834, 103
Trd, 863678.851, 113
Trd, 863679.434, 98
Trd, 863680.268, 86
Trd, 863680.934, 100
Trd, 863681.551, 88
Trd, 863681.718, 83
Trd, 863681.868, 99
Trd, 863682.518, 108
Trd, 863683.118, 110
Trd, 863683.334, 110
Trd, 863684.301, 88
Trd, 863684.718, 96
Trd, 863685.184, 102
Trd, 863685.834, 114
Trd, 863686.034, 112
Trd, 863686.568, 114
Trd, 863686.818, 102
Trd, 863686.901, 97
Trd, 863687.168, 97
Trd, 863687.234, 110
Trd, 863687.568, 97
Trd, 863687.918, 83
Trd, 863688.751, 104
Trd, 863688.818, 108
Trd, 863688.834, 111
Trd, 863689.818, 99
Trd, 863690.151, 110
Trd, 863690.368, 111
Trd, 863691.518, 112
Trd, 863691.818, 99
Trd, 863692.168, 105
Trd, 863692.734, 88
Trd, 863693.268, 107
Trd, 863693.484, 110
Trd, 863693.868, 108
Trd, 863694.368, 87
Trd, 863694.501, 87
Trd, 863695.234, 111
Trd, 863696.184, 87
Trd, 863696.234, 102
Trd, 863696.868, 96
Trd, 863697.418, 87
Trd, 863697.451, 99
Trd, 863697.818, 85
Trd, 863698.268, 89
Trd, 863699.101, 98
Trd, 863699.468, 101
Trd, 863699.801, 96
Trd, 863700.351, 98
Trd, 863701.001, 103
Trd, 863701.051, 108
Trd, 863701.118, 99
Trd, 863701.234, 108
Trd, 863701.401, 117
Trd, 863701.618, 126
Trd, 863702.918, 109
Trd, 863702.968, 90
Trd, 863703.251, 96
Trd, 863705.234, 87
Trd, 863706.234, 97
Trd, 863706.984, 87
Trd, 863707.318, 101
Trd, 863707.668, 101
Trd, 863707.768, 108
Trd, 863708.034, 108
Trd, 863708.584, 102
Trd, 863708.984, 106
Trd, 863709.251, 99
Trd, 863709.384, 88
Trd, 863709.518, 115
Trd, 863710.134, 110
Trd, 863711.034, 94
Trd, 863712.351, 106
Trd, 863712.384, 106
Trd, 863712.418, 97
Trd, 863712.584, 112
Trd, 863712.834, 90
Trd, 863713.884, 111
Trd, 863713.934, 101
Trd, 863715.001, 101
Trd, 863715.018, 102
Trd, 863716.584, 112
Trd, 863717.784, 87
Trd, 863718.834, 93
Trd, 863719.051, 96
Trd, 863720.351, 90
Trd, 863720.584, 92
Trd, 863720.734, 95
Trd, 863721.168, 98
Trd, 863721.618, 101
Trd, 863722.484, 106
Trd, 863723.301, 88
Trd, 863724.584, 103
Trd, 863724.684, 89
Trd, 863725.034, 97
Trd, 863725.068, 108
Trd, 863725.401, 97
Trd, 863725.618, 91
Trd, 863726.551, 105
Trd, 863726.634, 87
Trd, 863727.084, 89
Trd, 863727.368, 102
Trd, 863727.801, 99
Trd, 863729.984, 94
Trd, 863730.318, 93
Trd, 863730.584, 110
Trd, 863730.734, 98
Trd, 863731.351, 103
Trd, 863731.634, 111
Trd, 863731.934, 114
Trd, 863731.968, 97
Trd, 863732.901, 102
Trd, 863734.268, 104
Trd, 863734.818, 100
Trd, 863735.118, 96
Trd, 863735.134, 101
Trd, 863735.701, 93
Trd, 863736.418, 90
Trd, 863737.168, 108
Trd, 863737.784, 113
Trd, 863737.951, 108
Trd, 863738.868, 85
Trd, 863739.168, 88
Trd, 863739.651, 102
Trd, 863740.001, 84
Trd, 863740.318, 110
Trd, 863740.651, 89
Trd, 863741.368, 103
Trd, 863741.418, 84
Trd, 863741.618, 111
Trd, 863742.418, 90
Trd, 863742.534, 93
Trd, 863743.284, 106
Trd, 863743.734, 106
Trd, 863744.084, 95
Trd, 863744.234, 98
Trd, 863744.934, 90
Trd, 863745.918, 108
Trd, 863746.101, 110
Trd, 863746.534, 111
Trd, 863746.901, 100
Trd, 863747.051, 108
Trd, 863747.418, 114
Trd, 863748.101, 105
Trd, 863748.284, 99
Trd, 863748.351, 109
Trd, 863748.784, 88
Trd, 863750.451, 96
Trd, 863751.101, 100
Trd, 863751.601, 104
Trd, 863752.018, 92
Trd, 863752.101, 92
Trd, 863752.501, 109
Trd, 863752.968, 109
Trd, 863753.668, 91
Trd, 863753.751, 92
Trd, 863754.101, 86
Trd, 863754.168, 100
Trd, 863754.234, 86
Trd, 863754.334, 104
Trd, 863754.918, 89
Trd, 863754.951, 85
Trd, 863755.268, 93
Trd, 863755.484, 97
Trd, 863756.434, 105
Trd, 863756.534, 100
Trd, 863757.501, 108
Trd, 863758.401, 108
Trd, 863759.418, 97
Trd, 863759.801, 109
Trd, 863759.884, 94
Trd, 863760.351, 110
Trd, 863760.918, 112
Trd, 863761.051, 99
Trd, 863761.951, 98
Trd, 863763.918, 113
Trd, 863764.084, 107
Trd, 863764.218, 107
Trd, 863765.351, 104
Trd, 863765.734, 105
Trd, 863765.934, 92
Trd, 863766.368, 89
Trd, 863766.384, 96
Trd, 863766.601, 90
Trd, 863767.368, 117
Trd, 863767.618, 113
Trd, 863768.401, 98
Trd, 863768.668, 106
Trd, 863769.301, 103
Trd, 863769.318, 105
Trd, 863770.534, 100
Trd, 863770.584, 95
Trd, 863771.251, 98
Trd, 863771.368, 105
Trd, 863771.384, 111
Trd, 863771.851, 93
Trd, 863772.201, 98
Trd, 863772.268, 79
Trd, 863773.101, 107
Trd, 863773.401, 108
Trd, 863773.868, 97
Trd, 863774.284, 106
Trd, 863774.301, 100
Trd, 863774.518, 95
Trd, 863775.351, 113
Trd, 863776.218, 85
Trd, 863776.734, 96
Trd, 863777.034, 104
Trd, 863777.201, 99
Trd, 863777.918, 85
Trd, 863778.601, 98
Trd, 863780.268, 107
Trd, 863780.468, 108
Trd, 863780.551, 112
Trd, 863780.701, 108
Trd, 863781.068, 98
Trd, 863781.701, 123
Trd, 863781.984, 111
Trd, 863783.118, 110
Trd, 863783.384, 103
Trd, 863783.518, 108
Trd, 863783.534, 88
Trd, 863783.851, 87
Trd, 863785.001, 92
Trd, 863785.634, 102
Trd, 863786.534, 92
Trd, 863786.951, 102
Trd, 863787.034, 108
Trd, 863787.668, 104
Trd, 863787.868, 109
Trd, 863788.151, 93
Trd, 863789.134, 89
Trd, 863790.051, 102
Trd, 863790.451, 109
Trd, 863790.851, 93
Trd, 863791.051, 89
Trd, 863791.701, 95
Trd, 863791.951, 108
Trd, 863792.434, 102
Trd, 863793.184, 98
Trd, 863793.584, 111
Trd, 863793.734, 89
Trd, 863793.868, 82
Trd, 863794.518, 88
Trd, 863795.101, 91
Trd, 863795.818, 90
Trd, 863796.001, 92
Trd, 863797.751, 103
Trd, 863798.251, 103
Trd, 863798.334, 95
Trd, 863798.834, 99
Trd, 863799.484, 95
Trd, 863799.834, 93
Trd, 863799.934, 113
Trd, 863800.601, 89
Trd, 863800.784, 87
Trd, 863800.934, 106
Trd, 863801.634, 92
Trd, 863801.834, 86
Trd, 863802.101, 101
Trd, 863802.268, 88
Trd, 863802.618, 108
Trd, 863803.434, 108
Trd, 863804.168, 104
Trd, 863804.334, 88
Trd, 863804.884, 99
Trd, 863805.118, 105
Trd, 863805.634, 88
Trd, 863805.651, 91
Trd, 863806.584, 113
Trd, 863806.701, 116
Trd, 863807.701, 91
Trd, 863807.768, 107
Trd, 863808.568, 100
Trd, 863808.768, 89
Trd, 863809.818, 106
Trd, 863809.834, 106
Trd, 863810.151, 110
Trd, 863810.734, 119
Trd, 863811.251, 101
Trd, 863811.501, 94
Trd, 863811.768, 102
Trd, 863812.334, 108
Trd, 863812.384, 109
Trd, 863812.568, 110
Trd, 863813.401, 106
Trd, 863814.134, 94
Trd, 863814.268, 90
Trd, 863815.518, 117
Trd, 863816.451, 103
Trd, 863816.534, 96
Trd, 863817.551, 98
Trd, 863817.684, 94
Trd, 863818.168, 94
Trd, 863818.251, 81
Trd, 863818.568, 80
Trd, 863818.634, 79
Trd, 863818.751, 102
Trd, 863819.451, 105
Trd, 863819.968, 106
Trd, 863820.134, 108
Trd, 863820.401, 87
Trd, 863820.801, 109
Trd, 863821.584, 90
Trd, 863821.801, 101
Trd, 863822.001, 108
Trd, 863822.168, 94
Trd, 863822.351, 91
Trd, 863823.051, 95
Trd, 863823.201, 109
Trd, 863824.234, 88
Trd, 863824.884, 99
Trd, 863825.118, 105
Trd, 863825.134, 93
Trd, 863825.551, 101
Trd, 863826.884, 107
Trd, 863826.901, 106
Trd, 863827.984, 109
Trd, 863828.051, 110
Trd, 863828.168, 107
Trd, 863828.618, 107
Trd, 863828.968, 116
Trd, 863829.968, 111
Trd, 863830.184, 97
Trd, 863830.368, 87
Trd, 863831.018, 84
Trd, 863831.301, 94
Trd, 863831.934, 113
Trd, 863833.184, 111
Trd, 863833.634, 104
Trd, 863833.818, 108
Trd, 863834.151, 96
Trd, 863834.484, 112
Trd, 863834.568, 94
Trd, 863835.918, 106
Trd, 863836.018, 100
Trd, 863836.084, 100
Trd, 863836.684, 113
Trd, 863837.101, 104
Trd, 863837.718, 105
Trd, 863838.368, 109
Trd, 863838.668, 102
Trd, 863838.684, 106
Trd, 863838.968, 89
Trd, 863839.268, 86
Trd, 863840.101, 98
Trd, 863840.434, 97
Trd, 863840.901, 84
Trd, 863841.084, 101
Trd, 863841.484, 104
Trd, 863842.201, 110
Trd, 863842.234, 111
Trd, 863842.468, 105
Trd, 863842.484, 115
Trd, 863843.584, 89
Trd, 863843.918, 101
Trd, 863845.001, 96
Trd, 863845.018, 98
Trd, 863845.301, 92
Trd, 863845.518, 89
Trd, 863845.884, 95
Trd, 863846.651, 95
Trd, 863846.734, 106
Trd, 863847.484, 84
Trd, 863847.634, 97
Trd, 863847.968, 99
Trd, 863848.418, 112
Trd, 863848.851, 102
Trd, 863849.701, 88
Trd, 863850.101, 114
Trd, 863850.268, 115
Trd, 863850.451, 110
Trd, 863851.168, 99
Trd, 863851.868, 101
Trd, 863852.484, 110
Trd, 863852.618, 108
Trd, 863852.684, 108
Trd, 863853.484, 104
Trd, 863853.968, 115
Trd, 863854.518, 88
Trd, 863854.618, 81
Trd, 863854.734, 98
Trd, 863855.134, 90
Trd, 863855.168, 90
Trd, 863855.351, 107
Trd, 863856.168, 103
Trd, 863857.268, 102
Trd, 863857.918, 88
Trd, 863858.334, 106
Trd, 863859.134, 87
Trd, 863859.251, 96
Trd, 863859.384, 107
Trd, 863859.551, 108
Trd, 863859.634, 102
Trd, 863860.068, 99
Trd, 863861.118, 98
Trd, 863862.084, 96
Trd, 863863.201, 90
Trd, 863864.268, 104
Trd, 863865.101, 111
Trd, 863865.118, 107
Trd, 863865.484, 112
Trd, 863865.801, 104
Trd, 863865.984, 94
Trd, 863866.384, 103
Trd, 863866.751, 96
Trd, 863866.901, 98
Trd, 863867.334, 106
Trd, 863867.468, 110
Trd, 863868.718, 92
Trd, 863868.818, 111
Trd, 863869.401, 113
Trd, 863870.718, 114
Trd, 863870.834, 93
Trd, 863871.318, 101
Trd, 863872.551, 102
Trd, 863872.934, 101
Trd, 863873.151, 106
Trd, 863873.201, 81
Trd, 863873.551, 109
Trd, 863873.601, 116
Trd, 863874.584, 96
Trd, 863875.201, 109
Trd, 863875.434, 83
Trd, 863875.684, 88
Trd, 863875.851, 79
Trd, 863876.384, 98
Trd, 863877.034, 106
Trd, 863877.084, 100
Trd, 863877.118, 111
Trd, 863878.034, 107
Trd, 863878.834, 107
Trd, 863879.018, 105
Trd, 863879.084, 119
Trd, 863880.034, 100
Trd, 863880.301, 104
Trd, 863880.368, 87
Trd, 863880.451, 81
Trd, 863880.668, 84
Trd, 863881.034, 108
Trd, 863881.268, 99
Trd, 863881.584, 96
Trd, 863882.184, 100
Trd, 863882.618, 96
Trd, 863884.068, 92
Trd, 863884.284, 90
Trd, 863884.318, 94
Trd, 863885.168, 102
Trd, 863885.368, 108
Trd, 863886.584, 116
Trd, 863886.634, 121
Trd, 863886.968, 111
Trd, 863888.151, 102
Trd, 863888.318, 105
Trd, 863888.368, 110
Trd, 863888.584, 95
Trd, 863889.051, 90
Trd, 863889.068, 87
Trd, 863889.601, 98
Trd, 863889.918, 105
Trd, 863890.068, 84
Trd, 863890.534, 92
Trd, 863890.668, 102
Trd, 863890.684, 84
Trd, 863891.101, 110
Trd, 863891.501, 94
Trd, 863891.701, 97
Trd, 863892.068, 86
Trd, 863892.184, 98
Trd, 863892.518, 108
Trd, 863892.534, 126
Trd, 863892.601, 85
Trd, 863892.984, 99
Trd, 863893.251, 129
Trd, 863894.334, 92
Trd, 863895.384, 96
Trd, 863895.601, 99
Trd, 863895.634, 79
Trd, 863897.284, 87
Trd, 863897.701, 105
Trd, 863898.534, 111
Trd, 863898.834, 110
Trd, 863898.868, 116
Trd, 863899.484, 108
Trd, 863900.401, 110
Trd, 863900.684, 101
Trd, 863900.784, 115
Trd, 863900.934, 115
Trd, 863900.968, 113
Trd, 863901.001, 119
Trd, 863902.318, 108
Trd, 863903.751, 98
Trd, 863904.034, 103
Trd, 863904.268, 87
Trd, 863904.434, 84
Trd, 863904.601, 85
Trd, 863905.468, 84
Trd, 863905.634, 104
Trd, 863906.334, 113
Trd, 863908.318, 98
Trd, 863909.268, 91
Trd, 863909.401, 91
Trd, 863909.634, 101
Trd, 863909.684, 104
Trd, 863909.784, 105
Trd, 863910.634, 88
Trd, 863910.834, 91
Trd, 863911.201, 96
Trd, 863912.401, 85
Trd, 863912.618, 98
Trd, 863912.718, 85
Trd, 863912.884, 101
Trd, 863913.384, 107
Trd, 863913.484, 91
Trd, 863913.651, 87
Trd, 863914.451, 106
Trd, 863914.534, 116
Trd, 863914.751, 116
Trd, 863914.784, 120
Trd, 863915.518, 104
Trd, 863915.718, 96
Trd, 863915.884, 91
Trd, 863916.118, 114
Trd, 863916.268, 88
Trd, 863916.651, 87
Trd, 863916.901, 85
Trd, 863917.568, 100
Trd, 863917.801, 114
Trd, 863918.151, 102
Trd, 863918.501, 100
Trd, 863919.618, 94
Trd, 863920.151, 102
Trd, 863921.101, 101
Trd, 863921.651, 87
Trd, 863921.868, 92
Trd, 863922.468, 103
Trd, 863922.968, 106
Trd, 863923.568, 101
Trd, 863924.068, 107
Trd, 863924.101, 108
Trd, 863924.534, 78
Trd, 863924.784, 92
Trd, 863924.968, 101
Trd, 863925.151, 85
Trd, 863925.434, 100
Trd, 863925.551, 87
Trd, 863926.301, 110
Trd, 863926.484, 103
Trd, 863926.851, 89
Trd, 863928.051, 99
Trd, 863928.418, 103
Trd, 863928.834, 100
Trd, 863929.334, 107
Trd, 863929.951, 91
Trd, 863931.168, 103
Trd, 863932.051, 98
Trd, 863932.151, 111
Trd, 863932.334, 101
Trd, 863932.718, 103
Trd, 863933.684, 95
Trd, 863933.884, 93
Trd, 863934.301, 92
Trd, 863934.501, 106
Trd, 863934.534, 110
Trd, 863935.118, 93
Trd, 863935.618, 89
Trd, 863935.718, 106
Trd, 863935.784, 109
Trd, 863937.051, 98
Trd, 863937.451, 106
Trd, 863937.668, 115
Trd, 863939.084, 117
Trd, 863939.118, 122
Trd, 863939.318, 97
Trd, 863939.634, 122
Trd, 863940.251, 97
Trd, 863940.284, 112
Trd, 863940.718, 95
Trd, 863941.184, 104
Trd, 863941.284, 95
Trd, 863941.468, 108
Trd, 863942.168, 109
Trd, 863942.268, 110
Trd, 863943.184, 97
Trd, 863943.534, 96
Trd, 863943.668, 101
Trd, 863944.051, 108
Trd, 863944.684, 118
Trd, 863945.601, 97
Trd, 863945.801, 102
Trd, 863946.334, 91
Trd, 863946.901, 103
Trd, 863947.268, 104
Trd, 863947.451, 108
Trd, 863947.834, 98
Trd, 863948.501, 103
Trd, 863949.401, 101
Trd, 863949.718, 99
Trd, 863949.851, 109
Trd, 863950.534, 109
Trd, 863952.118, 121
Trd, 863952.334, 112
Trd, 863952.434, 108
Trd, 863952.801, 115
Trd, 863953.018, 128
Trd, 863953.351, 108
Trd, 863953.934, 112
Trd, 863954.384, 98
Trd, 863955.134, 103
Trd, 863955.434, 86
Trd, 863955.951, 103
Trd, 863956.768, 84
Trd, 863956.901, 83
Trd, 863957.351, 102
Trd, 863958.118, 103
Trd, 863958.551, 112
Trd, 863959.168, 98
Trd, 863960.534, 107
Trd, 863960.768, 87
Trd, 863962.351, 87
Trd, 863962.551, 90
Trd, 863963.034, 86
Trd, 863963.284, 106
Trd, 863964.184, 92
Trd, 863964.701, 102
Trd, 863965.451, 94
Trd, 863966.168, 108
Trd, 863966.868, 92
Trd, 863967.034, 91
Trd, 863967.084, 91
Trd, 863967.568, 83
Trd, 863967.701, 103
Trd, 863968.468, 108
Trd, 863968.484, 97
Trd, 863969.301, 80
Trd, 863969.434, 88
Trd, 863969.834, 92
Trd, 863969.934, 100
Trd, 863970.034, 108
Trd, 863970.984, 102
Trd, 863972.168, 92
Trd, 863972.768, 88
Trd, 863973.518, 88
Trd, 863973.801, 85
Trd, 863973.918, 104
Trd, 863974.534, 97
Trd, 863974.768, 107
Trd, 863975.184, 107
Trd, 863975.568, 89
Trd, 863976.601, 101
Trd, 863976.918, 102
Trd, 863977.368, 96
Trd, 863977.868, 99
Trd, 863977.934, 108
Trd, 863978.001, 112
Trd, 863978.651, 123
Trd, 863979.018, 96
Trd, 863979.168, 95
Trd, 863979.284, 115
Trd, 863980.618, 87
Trd, 863981.201, 103
Trd, 863981.318, 108
Trd, 863981.618, 109
Trd, 863981.901, 90
Trd, 863982.801, 113
Trd, 863983.001, 115
Trd, 863983.918, 87
Trd, 863984.101, 91
Trd, 863984.451, 87
Trd, 863984.468, 99
Trd, 863984.801, 99
Trd, 863985.201, 97
Trd, 863985.934, 103
Trd, 863986.034, 109
Trd, 863986.151, 97
Trd, 863986.818, 114
Trd, 863987.084, 116
Trd, 863987.618, 100
Trd, 863988.001, 86
Trd, 863988.384, 104
Trd, 863988.434, 108
Trd, 863988.534, 90
Trd, 863988.551, 112
Trd, 863988.768, 124
Trd, 863989.351, 88
Trd, 863990.018, 94
Trd, 863991.018, 96
Trd, 863992.218, 99
Trd, 863992.468, 89
Trd, 863993.051, 109
Trd, 863993.218, 96
Trd, 863993.368, 101
Trd, 863994.034, 87
Trd, 863994.268, 112
Trd, 863994.384, 112
Trd, 863994.534, 88
Trd, 863994.751, 87
Trd, 863995.551, 84
Trd, 863996.201, 95
Trd, 863996.318, 97
Trd, 863997.134, 93
Trd, 863997.251, 103
Trd, 863997.951, 108
Trd, 863998.634, 110
Trd, 863999.534, 108
Trd, 863999.584, 113
Trd, 863999.768, 97
