Trd, 863314.218, 103
Trd, 863314.601, 104
Trd, 863314.684, 104
Trd, 863314.768, 105
Trd, 863315.351, 107
Trd, 863315.718, 101
Trd, 863315.834, 108
Trd, 863316.084, 109
Trd, 863316.951, 104
Trd, 863317.468, 104
Trd, 863317.851, 103
Trd, 863318.801, 101
Trd, 863319.584, 96
Trd, 863320.151, 96
Trd, 863320.284, 98
Trd, 863320.584, 101
Trd, 863320.634, 96
Trd, 863320.784, 104
Trd, 863320.901, 107
Trd, 863321.251, 111
Trd, 863321.568, 114
Trd, 863322.051, 106
Trd, 863322.668, 100
Trd, 863323.034, 106
Trd, 863323.084, 100
Trd, 863323.834, 109
Trd, 863323.868, 110
Trd, 863324.434, 104
Trd, 863324.734, 101
Trd, 863324.868, 107
Trd, 863325.218, 101
Trd, 863325.784, 97
Trd, 863325.801, 98
Trd, 863326.068, 96
Trd, 863326.468, 97
Trd, 863326.818, 98
Trd, 863327.284, 96
Trd, 863327.368, 97
Trd, 863328.551, 99
Trd, 863329.701, 97
Trd, 863330.034, 98
Trd, 863330.068, 100
Trd, 863330.218, 97
Trd, 863330.501, 95
Trd, 863330.734, 101
Trd, 863331.101, 108
Trd, 863331.118, 101
Trd, 863331.268, 107
Trd, 863331.284, 89
Trd, 863331.384, 91
Trd, 863331.668, 107
Trd, 863332.418, 106
Trd, 863332.551, 108
Trd, 863333.434, 107
Trd, 863333.984, 110
Trd, 863334.351, 100
Trd, 863334.584, 108
Trd, 863335.284, 99
Trd, 863335.301, 96
Trd, 863335.468, 94
Trd, 863335.834, 94
Trd, 863336.184, 109
Trd, 863336.568, 106
Trd, 863337.618, 96
Trd, 863337.718, 104
Trd, 863338.084, 95
Trd, 863339.018, 110
Trd, 863339.618, 95
Trd, 863339.634, 99
Trd, 863339.951, 98
Trd, 863340.084, 95
Trd, 863340.668, 93
Trd, 863340.918, 98
Trd, 863341.284, 99
Trd, 863341.684, 101
Trd, 863341.951, 106
Trd, 863342.168, 100
Trd, 863342.251, 105
Trd, 863342.384, 97
Trd, 863343.584, 101
Trd, 863343.784, 101
Trd, 863343.901, 103
Trd, 863344.301, 105
Trd, 863344.518, 101
Trd, 863345.968, 101
Trd, 863346.201, 92
Trd, 863346.301, 86
Trd, 863347.184, 98
Trd, 863347.201, 100
Trd, 863347.501, 96
Trd, 863347.518, 95
Trd, 863347.934, 96
Trd, 863348.351, 101
Trd, 863348.834, 101
Trd, 863348.918, 102
Trd, 863349.434, 101
Trd, 863349.451, 100
Trd, 863349.768, 101
Trd, 863349.868, 106
Trd, 863350.401, 106
Trd, 863350.818, 112
Trd, 863351.484, 104
Trd, 863351.718, 103
Trd, 863352.301, 106
Trd, 863352.434, 110
Trd, 863352.584, 112
Trd, 863352.651, 104
Trd, 863353.101, 113
Trd, 863353.501, 100
Trd, 863354.068, 100
Trd, 863354.301, 120
Trd, 863354.318, 99
Trd, 863355.651, 90
Trd, 863356.068, 121
Trd, 863356.734, 112
Trd, 863357.151, 92
Trd, 863357.568, 92
Trd, 863357.751, 92
Trd, 863358.468, 96
Trd, 863359.001, 95
Trd, 863359.151, 93
Trd, 863359.184, 94
Trd, 863359.318, 96
Trd, 863359.751, 100
Trd, 863359.834, 90
Trd, 863361.451, 91
Trd, 863362.018, 96
Trd, 863362.384, 96
Trd, 863362.651, 95
Trd, 863362.851, 97
Trd, 863363.684, 97
Trd, 863363.701, 98
Trd, 863363.834, 101
Trd, 863364.218, 96
Trd, 863364.701, 102
Trd, 863365.084, 95
Trd, 863365.234, 101
Trd, 863366.484, 94
Trd, 863366.551, 95
Trd, 863367.484, 88
Trd, 863367.501, 87
Trd, 863367.534, 95
Trd, 863368.384, 91
Trd, 863368.468, 91
Trd, 863368.518, 98
Trd, 863369.401, 99
Trd, 863369.434, 100
Trd, 863369.468, 101
Trd, 863369.951, 104
Trd, 863370.118, 104
Trd, 863370.384, 103
Trd, 863370.451, 105
Trd, 863370.818, 104
Trd, 863371.468, 109
Trd, 863371.801, 101
Trd, 863372.068, 106
Trd, 863372.118, 111
Trd, 863372.934, 100
Trd, 863373.301, 95
Trd, 863373.401, 111
Trd, 863373.734, 121
Trd, 863374.118, 94
Trd, 863376.701, 106
Trd, 863376.801, 106
Trd, 863377.401, 99
Trd, 863377.918, 94
Trd, 863378.134, 106
Trd, 863378.418, 105
Trd, 863378.734, 101
Trd, 863379.084, 91
Trd, 863379.368, 99
Trd, 863379.518, 91
Trd, 863379.818, 99
Trd, 863380.001, 101
Trd, 863380.334, 105
Trd, 863380.634, 99
Trd, 863381.118, 105
Trd, 863381.318, 108
Trd, 863381.768, 96
Trd, 863382.118, 99
Trd, 863382.501, 99
Trd, 863382.601, 95
Trd, 863382.718, 94
Trd, 863383.384, 98
Trd, 863383.718, 98
Trd, 863384.051, 89
Trd, 863384.551, 100
Trd, 863384.834, 106
Trd, 863384.851, 109
Trd, 863384.984, 121
Trd, 863385.218, 122
Trd, 863385.951, 103
Trd, 863385.968, 100
Trd, 863386.818, 87
Trd, 863387.768, 96
Trd, 863387.784, 95
Trd, 863387.968, 99
Trd, 863388.168, 101
Trd, 863388.868, 100
Trd, 863388.984, 100
Trd, 863389.051, 101
Trd, 863390.068, 100
Trd, 863391.518, 102
Trd, 863391.651, 103
Trd, 863391.718, 105
Trd, 863392.034, 102
Trd, 863392.284, 104
Trd, 863392.768, 106
Trd, 863393.234, 100
Trd, 863393.618, 93
Trd, 863394.218, 92
Trd, 863394.451, 101
Trd, 863394.868, 101
Trd, 863395.401, 92
Trd, 863396.268, 100
Trd, 863396.551, 100
Trd, 863396.684, 97
Trd, 863398.118, 98
Trd, 863398.201, 99
Trd, 863398.584, 96
Trd, 863398.618, 100
Trd, 863398.834, 95
Trd, 863399.134, 97
Trd, 863399.251, 96
Trd, 863399.468, 95
Trd, 863399.734, 97
Trd, 863401.034, 97
Trd, 863401.084, 100
Trd, 863401.751, 92
Trd, 863402.101, 99
Trd, 863402.318, 100
Trd, 863402.651, 100
Trd, 863403.634, 99
Trd, 863404.134, 95
Trd, 863404.734, 90
Trd, 863404.934, 98
Trd, 863405.734, 95
Trd, 863407.084, 91
Trd, 863407.168, 93
Trd, 863407.334, 93
Trd, 863407.518, 94
Trd, 863407.551, 95
Trd, 863407.668, 97
Trd, 863407.751, 98
Trd, 863407.934, 106
Trd, 863408.001, 114
Trd, 863408.051, 111
Trd, 863408.334, 93
Trd, 863409.201, 90
Trd, 863409.751, 101
Trd, 863411.018, 97
Trd, 863411.218, 98
Trd, 863411.451, 97
Trd, 863411.534, 101
Trd, 863411.584, 102
Trd, 863412.351, 94
Trd, 863412.751, 93
Trd, 863413.034, 94
Trd, 863413.218, 94
Trd, 863413.584, 101
Trd, 863414.251, 101
Trd, 863414.334, 102
Trd, 863414.551, 105
Trd, 863414.918, 101
Trd, 863415.068, 105
Trd, 863415.334, 101
Trd, 863415.368, 106
Trd, 863415.551, 100
Trd, 863416.334, 104
Trd, 863417.001, 105
Trd, 863417.701, 104
Trd, 863417.751, 103
Trd, 863418.184, 103
Trd, 863418.934, 102
Trd, 863419.118, 99
Trd, 863419.351, 100
Trd, 863419.384, 102
Trd, 863420.018, 97
Trd, 863420.584, 97
Trd, 863421.001, 97
Trd, 863421.118, 98
Trd, 863421.618, 106
Trd, 863422.018, 105
Trd, 863422.118, 107
Trd, 863422.334, 110
Trd, 863422.684, 111
Trd, 863422.768, 120
Trd, 863422.951, 107
Trd, 863424.384, 103
Trd, 863424.468, 104
Trd, 863424.768, 109
Trd, 863426.268, 104
Trd, 863426.468, 105
Trd, 863426.601, 108
Trd, 863427.118, 99
Trd, 863427.184, 107
Trd, 863427.434, 108
Trd, 863427.618, 99
Trd, 863427.951, 101
Trd, 863428.634, 105
Trd, 863429.451, 101
Trd, 863429.568, 102
Trd, 863429.618, 100
Trd, 863429.634, 90
Trd, 863430.068, 95
Trd, 863430.184, 105
Trd, 863430.634, 106
Trd, 863431.334, 99
Trd, 863431.551, 92
Trd, 863432.218, 107
Trd, 863432.618, 102
Trd, 863433.218, 104
Trd, 863433.501, 105
Trd, 863433.651, 104
Trd, 863433.868, 103
Trd, 863433.934, 104
Trd, 863434.701, 96
Trd, 863435.018, 100
Trd, 863435.401, 101
Trd, 863435.518, 110
Trd, 863435.818, 108
Trd, 863437.068, 100
Trd, 863437.484, 97
Trd, 863437.868, 94
Trd, 863438.018, 84
Trd, 863438.251, 95
Trd, 863438.318, 96
Trd, 863438.368, 97
Trd, 863439.284, 96
Trd, 863439.501, 98
Trd, 863439.618, 96
Trd, 863439.768, 90
Trd, 863439.868, 106
Trd, 863439.968, 91
Trd, 863440.101, 91
Trd, 863440.134, 107
Trd, 863440.768, 108
Trd, 863441.168, 109
Trd, 863443.334, 103
Trd, 863443.618, 103
Trd, 863443.701, 103
Trd, 863443.768, 102
Trd, 863444.351, 101
Trd, 863444.851, 86
Trd, 863445.384, 95
Trd, 863445.451, 93
Trd, 863445.734, 94
Trd, 863445.984, 95
Trd, 863446.434, 96
Trd, 863447.384, 97
Trd, 863447.618, 99
Trd, 863447.784, 94
Trd, 863448.034, 107
Trd, 863448.184, 107
Trd, 863448.984, 105
Trd, 863449.218, 106
Trd, 863449.401, 106
Trd, 863449.501, 107
Trd, 863449.568, 105
Trd, 863450.184, 105
Trd, 863450.334, 91
Trd, 863451.201, 91
Trd, 863451.351, 111
Trd, 863451.934, 107
Trd, 863452.101, 109
Trd, 863453.101, 97
Trd, 863453.601, 100
Trd, 863453.718, 100
Trd, 863454.201, 101
Trd, 863454.234, 95
Trd, 863455.234, 100
Trd, 863455.268, 101
Trd, 863456.334, 100
Trd, 863457.018, 102
Trd, 863457.051, 103
Trd, 863457.484, 104
Trd, 863457.568, 105
Trd, 863458.234, 98
Trd, 863458.518, 102
Trd, 863458.734, 95
Trd, 863459.051, 88
Trd, 863459.134, 95
Trd, 863459.751, 95
Trd, 863460.534, 93
Trd, 863460.634, 94
Trd, 863461.701, 94
Trd, 863462.118, 93
Trd, 863462.418, 94
Trd, 863462.484, 95
Trd, 863462.518, 101
Trd, 863462.968, 104
Trd, 863463.318, 105
Trd, 863463.734, 100
Trd, 863464.934, 98
Trd, 863465.118, 97
Trd, 863465.451, 99
Trd, 863466.351, 106
Trd, 863466.501, 97
Trd, 863466.801, 108
Trd, 863466.901, 96
Trd, 863467.084, 104
Trd, 863467.251, 100
Trd, 863467.334, 107
Trd, 863467.568, 109
Trd, 863468.951, 96
Trd, 863469.184, 95
Trd, 863469.218, 102
Trd, 863469.284, 103
Trd, 863469.484, 92
Trd, 863470.868, 103
Trd, 863471.118, 101
Trd, 863471.318, 99
Trd, 863472.451, 91
Trd, 863472.518, 98
Trd, 863472.834, 95
Trd, 863472.934, 100
Trd, 863473.134, 101
Trd, 863473.168, 106
Trd, 863473.351, 101
Trd, 863474.468, 109
Trd, 863475.118, 105
Trd, 863475.334, 105
Trd, 863475.384, 106
Trd, 863475.534, 107
Trd, 863475.751, 95
Trd, 863475.868, 93
Trd, 863476.618, 98
Trd, 863477.101, 99
Trd, 863477.468, 103
Trd, 863478.334, 99
Trd, 863478.551, 100
Trd, 863478.751, 102
Trd, 863479.168, 103
Trd, 863479.984, 104
Trd, 863480.318, 89
Trd, 863480.934, 104
Trd, 863481.134, 105
Trd, 863481.701, 101
Trd, 863482.284, 94
Trd, 863482.434, 105
Trd, 863482.468, 93
Trd, 863482.801, 106
Trd, 863483.301, 103
Trd, 863483.718, 101
Trd, 863483.884, 111
Trd, 863484.001, 95
Trd, 863484.134, 104
Trd, 863484.884, 120
Trd, 863485.351, 114
Trd, 863485.418, 104
Trd, 863485.518, 98
Trd, 863486.401, 105
Trd, 863486.484, 106
Trd, 863486.751, 105
Trd, 863487.034, 101
Trd, 863487.101, 102
Trd, 863487.734, 102
Trd, 863487.784, 101
Trd, 863487.868, 105
Trd, 863488.068, 104
Trd, 863488.134, 106
Trd, 863488.551, 97
Trd, 863489.851, 103
Trd, 863490.401, 102
Trd, 863490.584, 104
Trd, 863490.618, 109
Trd, 863491.068, 110
Trd, 863491.334, 125
Trd, 863491.951, 108
Trd, 863492.068, 126
Trd, 863492.868, 108
Trd, 863493.634, 106
Trd, 863493.768, 100
Trd, 863493.934, 94
Trd, 863494.468, 97
Trd, 863494.784, 96
Trd, 863494.818, 97
Trd, 863494.901, 107
Trd, 863495.584, 98
Trd, 863495.884, 96
Trd, 863496.034, 98
Trd, 863496.068, 109
Trd, 863496.901, 97
Trd, 863496.934, 96
Trd, 863497.234, 95
Trd, 863497.734, 97
Trd, 863498.168, 95
Trd, 863498.468, 93
Trd, 863498.568, 95
Trd, 863498.851, 95
Trd, 863498.868, 100
Trd, 863499.201, 100
Trd, 863499.334, 90
Trd, 863500.018, 94
Trd, 863500.434, 98
Trd, 863500.518, 91
Trd, 863500.718, 101
Trd, 863501.668, 96
Trd, 863502.168, 96
Trd, 863502.718, 95
Trd, 863503.201, 96
Trd, 863503.234, 97
Trd, 863504.068, 96
Trd, 863504.434, 95
Trd, 863504.518, 106
Trd, 863505.034, 98
Trd, 863505.451, 104
Trd, 863505.551, 95
Trd, 863505.868, 104
Trd, 863506.018, 105
Trd, 863506.168, 97
Trd, 863506.218, 95
Trd, 863507.134, 112
Trd, 863509.134, 101
Trd, 863509.284, 105
Trd, 863509.634, 101
Trd, 863509.734, 100
Trd, 863509.884, 96
Trd, 863509.984, 103
Trd, 863510.551, 104
Trd, 863510.868, 105
Trd, 863510.918, 94
Trd, 863512.218, 94
Trd, 863512.601, 95
Trd, 863512.768, 94
Trd, 863512.884, 90
Trd, 863513.018, 95
Trd, 863513.434, 101
Trd, 863513.801, 104
Trd, 863513.901, 108
Trd, 863514.868, 95
Trd, 863514.918, 96
Trd, 863514.984, 98
Trd, 863515.501, 123
Trd, 863515.984, 106
Trd, 863516.184, 107
Trd, 863516.268, 90
Trd, 863517.068, 111
Trd, 863517.301, 95
Trd, 863517.534, 105
Trd, 863517.718, 106
Trd, 863517.818, 100
Trd, 863519.568, 110
Trd, 863519.718, 111
Trd, 863519.801, 109
Trd, 863520.084, 121
Trd, 863521.834, 113
Trd, 863521.884, 112
Trd, 863522.068, 102
Trd, 863522.118, 114
Trd, 863522.951, 101
Trd, 863523.018, 100
Trd, 863523.034, 104
Trd, 863523.184, 106
Trd, 863523.268, 94
Trd, 863523.434, 107
Trd, 863523.518, 124
Trd, 863524.818, 92
Trd, 863525.268, 101
Trd, 863525.868, 101
Trd, 863526.284, 101
Trd, 863526.618, 102
Trd, 863526.918, 103
Trd, 863527.151, 104
Trd, 863527.551, 103
Trd, 863527.751, 95
Trd, 863528.018, 90
Trd, 863528.218, 112
Trd, 863528.334, 115
Trd, 863528.751, 105
Trd, 863530.051, 99
Trd, 863530.234, 100
Trd, 863530.784, 100
Trd, 863531.334, 101
Trd, 863531.401, 101
Trd, 863531.751, 101
Trd, 863531.834, 120
Trd, 863532.068, 109
Trd, 863532.834, 106
Trd, 863533.018, 90
Trd, 863533.568, 103
Trd, 863533.601, 104
Trd, 863533.618, 106
Trd, 863533.651, 102
Trd, 863533.984, 112
Trd, 863534.384, 95
Trd, 863534.684, 91
Trd, 863534.784, 104
Trd, 863536.068, 94
Trd, 863537.018, 104
Trd, 863537.501, 106
Trd, 863538.268, 106
Trd, 863538.351, 104
Trd, 863538.634, 101
Trd, 863538.701, 116
Trd, 863539.268, 112
Trd, 863539.684, 102
Trd, 863540.718, 101
Trd, 863540.734, 99
Trd, 863541.184, 95
Trd, 863541.301, 99
Trd, 863541.634, 103
Trd, 863542.568, 104
Trd, 863542.768, 105
Trd, 863543.234, 101
Trd, 863543.401, 107
Trd, 863543.618, 108
Trd, 863543.734, 100
Trd, 863543.984, 98
Trd, 863544.551, 105
Trd, 863545.234, 103
Trd, 863545.301, 100
Trd, 863545.334, 94
Trd, 863545.434, 106
Trd, 863546.584, 97
Trd, 863546.984, 96
Trd, 863547.368, 93
Trd, 863547.518, 94
Trd, 863547.618, 98
Trd, 863547.718, 101
Trd, 863547.751, 107
Trd, 863549.584, 102
Trd, 863549.718, 104
Trd, 863550.168, 101
Trd, 863550.268, 93
Trd, 863551.468, 108
Trd, 863551.868, 107
Trd, 863552.201, 104
Trd, 863552.218, 107
Trd, 863552.918, 100
Trd, 863553.151, 106
Trd, 863553.501, 98
Trd, 863553.601, 92
Trd, 863553.968, 94
Trd, 863554.818, 97
Trd, 863555.501, 97
Trd, 863556.001, 95
Trd, 863556.451, 94
Trd, 863556.551, 100
Trd, 863556.751, 101
Trd, 863557.718, 96
Trd, 863558.134, 97
Trd, 863558.318, 105
Trd, 863558.351, 96
Trd, 863558.551, 113
Trd, 863558.568, 95
Trd, 863558.634, 114
Trd, 863558.818, 111
Trd, 863558.901, 93
Trd, 863559.401, 99
Trd, 863559.518, 94
Trd, 863559.568, 93
Trd, 863560.118, 109
Trd, 863560.668, 109
Trd, 863560.734, 91
Trd, 863561.518, 112
Trd, 863562.501, 106
Trd, 863562.701, 107
Trd, 863562.951, 108
Trd, 863563.184, 106
Trd, 863563.401, 107
Trd, 863563.501, 109
Trd, 863563.901, 104
Trd, 863564.151, 95
Trd, 863564.301, 92
Trd, 863564.618, 90
Trd, 863564.851, 93
Trd, 863565.384, 90
Trd, 863565.484, 91
Trd, 863566.151, 93
Trd, 863566.634, 93
Trd, 863567.434, 95
Trd, 863567.868, 99
Trd, 863568.751, 92
Trd, 863568.834, 93
Trd, 863568.851, 92
Trd, 863568.868, 100
Trd, 863569.068, 91
Trd, 863569.201, 101
Trd, 863569.734, 100
Trd, 863569.884, 88
Trd, 863570.384, 100
Trd, 863570.568, 104
Trd, 863570.718, 110
Trd, 863571.468, 98
Trd, 863571.951, 106
Trd, 863572.418, 105
Trd, 863572.484, 100
Trd, 863572.634, 111
Trd, 863573.701, 108
Trd, 863574.018, 102
Trd, 863574.551, 109
Trd, 863575.201, 103
Trd, 863575.368, 104
Trd, 863575.384, 105
Trd, 863575.984, 105
Trd, 863576.184, 103
Trd, 863576.251, 106
Trd, 863576.334, 109
Trd, 863576.801, 111
Trd, 863577.601, 102
Trd, 863577.734, 109
Trd, 863578.268, 109
Trd, 863578.384, 102
Trd, 863578.484, 110
Trd, 863578.918, 104
Trd, 863578.951, 101
Trd, 863580.134, 90
Trd, 863580.218, 96
Trd, 863581.084, 114
Trd, 863581.751, 112
Trd, 863582.418, 111
Trd, 863582.718, 107
Trd, 863582.734, 106
Trd, 863582.801, 111
Trd, 863583.418, 108
Trd, 863583.834, 107
Trd, 863584.018, 106
Trd, 863584.351, 92
Trd, 863584.551, 105
Trd, 863584.684, 106
Trd, 863585.684, 110
Trd, 863585.951, 98
Trd, 863586.618, 102
Trd, 863586.684, 97
Trd, 863587.234, 98
Trd, 863587.518, 98
Trd, 863587.701, 100
Trd, 863587.984, 96
Trd, 863589.068, 97
Trd, 863589.118, 93
Trd, 863589.768, 95
Trd, 863589.834, 96
Trd, 863590.368, 96
Trd, 863590.501, 92
Trd, 863591.184, 97
Trd, 863592.051, 97
Trd, 863592.168, 101
Trd, 863592.584, 108
Trd, 863592.701, 98
Trd, 863593.418, 96
Trd, 863593.901, 95
Trd, 863594.018, 96
Trd, 863594.151, 97
Trd, 863594.401, 98
Trd, 863594.501, 99
Trd, 863594.551, 96
Trd, 863595.001, 99
Trd, 863595.334, 101
Trd, 863596.534, 107
Trd, 863596.651, 103
Trd, 863597.468, 101
Trd, 863597.701, 98
Trd, 863597.868, 108
Trd, 863598.034, 98
Trd, 863598.201, 91
Trd, 863598.418, 90
Trd, 863599.518, 106
Trd, 863600.251, 100
Trd, 863600.268, 98
Trd, 863600.351, 107
Trd, 863600.784, 98
Trd, 863601.801, 105
Trd, 863601.851, 98
Trd, 863602.084, 97
Trd, 863602.468, 95
Trd, 863603.384, 95
Trd, 863603.468, 96
Trd, 863603.568, 97
Trd, 863603.634, 93
Trd, 863604.118, 101
Trd, 863604.668, 88
Trd, 863604.918, 96
Trd, 863604.951, 97
Trd, 863605.868, 95
Trd, 863606.134, 96
Trd, 863606.834, 97
Trd, 863606.901, 101
Trd, 863607.801, 103
Trd, 863608.201, 102
Trd, 863608.418, 101
Trd, 863608.534, 97
Trd, 863608.734, 102
Trd, 863608.968, 103
Trd, 863609.751, 92
Trd, 863609.934, 104
Trd, 863610.351, 103
Trd, 863610.384, 104
Trd, 863611.418, 93
Trd, 863611.651, 92
Trd, 863611.968, 91
Trd, 863612.001, 93
Trd, 863612.918, 101
Trd, 863612.951, 101
Trd, 863613.484, 98
Trd, 863613.834, 107
Trd, 863614.118, 105
Trd, 863614.218, 92
Trd, 863615.284, 102
Trd, 863615.584, 92
Trd, 863615.868, 109
Trd, 863616.468, 93
Trd, 863616.534, 109
Trd, 863617.068, 104
Trd, 863617.318, 106
Trd, 863617.368, 101
Trd, 863617.501, 107
Trd, 863617.734, 107
Trd, 863618.368, 107
Trd, 863618.801, 107
Trd, 863619.118, 100
Trd, 863620.318, 99
Trd, 863620.401, 96
Trd, 863620.918, 104
Trd, 863621.101, 99
Trd, 863621.918, 96
Trd, 863622.084, 101
Trd, 863622.934, 95
Trd, 863623.451, 95
Trd, 863623.668, 100
Trd, 863623.884, 98
Trd, 863623.934, 99
Trd, 863624.001, 96
Trd, 863624.251, 101
Trd, 863625.234, 101
Trd, 863625.618, 107
Trd, 863625.884, 101
Trd, 863626.068, 105
Trd, 863627.401, 102
Trd, 863627.701, 105
Trd, 863628.434, 104
Trd, 863628.568, 99
Trd, 863628.868, 97
Trd, 863628.951, 105
Trd, 863629.018, 106
Trd, 863629.384, 107
Trd, 863630.034, 97
Trd, 863630.518, 104
Trd, 863630.701, 106
Trd, 863630.918, 107
Trd, 863631.401, 102
Trd, 863631.584, 96
Trd, 863632.318, 93
Trd, 863633.368, 98
Trd, 863633.451, 95
Trd, 863633.901, 96
Trd, 863634.218, 95
Trd, 863634.251, 95
Trd, 863634.668, 96
Trd, 863635.068, 97
Trd, 863635.084, 98
Trd, 863635.484, 97
Trd, 863635.618, 97
Trd, 863635.784, 98
Trd, 863635.884, 101
Trd, 863636.368, 93
Trd, 863637.134, 100
Trd, 863637.434, 101
Trd, 863637.484, 100
Trd, 863637.534, 93
Trd, 863637.851, 92
Trd, 863638.518, 97
Trd, 863639.318, 98
Trd, 863639.651, 99
Trd, 863640.134, 100
Trd, 863640.368, 101
Trd, 863640.534, 106
Trd, 863641.801, 111
Trd, 863641.901, 116
Trd, 863642.384, 109
Trd, 863642.418, 121
Trd, 863643.651, 105
Trd, 863643.851, 105
Trd, 863643.968, 102
Trd, 863644.501, 101
Trd, 863644.701, 102
Trd, 863645.318, 96
Trd, 863646.134, 96
Trd, 863646.518, 101
Trd, 863646.634, 100
Trd, 863646.668, 101
Trd, 863646.684, 100
Trd, 863647.134, 103
Trd, 863647.234, 104
Trd, 863647.468, 105
Trd, 863647.618, 106
Trd, 863648.484, 102
Trd, 863649.068, 101
Trd, 863649.351, 94
Trd, 863649.401, 90
Trd, 863650.034, 108
Trd, 863650.584, 107
Trd, 863650.934, 107
Trd, 863651.518, 95
Trd, 863651.618, 97
Trd, 863651.868, 108
Trd, 863652.718, 97
Trd, 863652.834, 98
Trd, 863652.868, 96
Trd, 863653.701, 97
Trd, 863653.968, 98
Trd, 863654.701, 98
Trd, 863655.418, 102
Trd, 863655.634, 97
Trd, 863656.584, 93
Trd, 863656.668, 99
Trd, 863657.101, 100
Trd, 863657.351, 101
Trd, 863658.268, 101
Trd, 863658.451, 105
Trd, 863658.801, 104
Trd, 863659.301, 104
Trd, 863659.451, 103
Trd, 863659.851, 100
Trd, 863659.934, 107
Trd, 863661.018, 104
Trd, 863661.168, 105
Trd, 863661.418, 101
Trd, 863661.484, 98
Trd, 863661.784, 91
Trd, 863662.784, 99
Trd, 863662.934, 95
Trd, 863663.484, 101
Trd, 863663.518, 93
Trd, 863664.218, 93
Trd, 863664.318, 96
Trd, 863664.768, 100
Trd, 863664.801, 101
Trd, 863664.984, 109
Trd, 863665.851, 99
Trd, 863666.034, 101
Trd, 863666.918, 102
Trd, 863667.134, 103
Trd, 863667.368, 103
Trd, 863668.384, 97
Trd, 863668.784, 96
Trd, 863668.818, 102
Trd, 863668.834, 96
Trd, 863668.851, 95
Trd, 863669.018, 101
Trd, 863669.318, 103
Trd, 863669.834, 90
Trd, 863671.051, 101
Trd, 863671.168, 102
Trd, 863671.234, 91
Trd, 863671.484, 102
Trd, 863671.501, 106
Trd, 863671.901, 104
Trd, 863672.534, 108
Trd, 863672.684, 105
Trd, 863672.934, 111
Trd, 863673.651, 102
Trd, 863673.884, 100
Trd, 863674.184, 102
Trd, 863674.401, 96
Trd, 863675.401, 97
Trd, 863675.434, 98
Trd, 863676.384, 96
Trd, 863676.518, 95
Trd, 863676.634, 98
Trd, 863676.734, 94
Trd, 863676.984, 98
Trd, 863677.534, 87
Trd, 863677.551, 93
Trd, 863677.601, 99
Trd, 863677.818, 101
Trd, 863678.618, 104
Trd, 863678.668, 97
Trd, 863678.801, 110
Trd, 863679.384, 106
Trd, 863680.018, 98
Trd, 863680.368, 99
Trd, 863681.934, 110
Trd, 863681.951, 111
Trd, 863682.068, 95
Trd, 863682.651, 113
Trd, 863682.818, 93
Trd, 863683.368, 103
Trd, 863683.551, 103
Trd, 863684.534, 105
Trd, 863684.668, 106
Trd, 863685.051, 105
Trd, 863685.518, 106
Trd, 863685.801, 108
Trd, 863686.201, 108
Trd, 863686.484, 110
Trd, 863686.851, 101
Trd, 863687.484, 112
Trd, 863687.934, 103
Trd, 863688.751, 107
Trd, 863689.001, 104
Trd, 863689.084, 105
Trd, 863689.168, 103
Trd, 863689.584, 103
Trd, 863689.634, 100
Trd, 863689.851, 102
Trd, 863690.651, 94
Trd, 863690.818, 88
Trd, 863691.018, 98
Trd, 863691.118, 99
Trd, 863691.234, 100
Trd, 863691.568, 101
Trd, 863691.701, 104
Trd, 863692.651, 103
Trd, 863693.084, 100
Trd, 863693.568, 99
Trd, 863694.134, 100
Trd, 863694.184, 102
Trd, 863694.701, 100
Trd, 863694.868, 100
Trd, 863696.118, 99
Trd, 863696.268, 100
Trd, 863696.568, 90
Trd, 863697.218, 98
Trd, 863697.534, 97
Trd, 863697.851, 99
Trd, 863698.251, 101
Trd, 863699.318, 104
Trd, 863699.334, 106
Trd, 863699.451, 103
Trd, 863699.684, 101
Trd, 863700.051, 104
Trd, 863700.668, 98
Trd, 863701.301, 101
Trd, 863701.484, 97
Trd, 863702.134, 93
Trd, 863702.401, 90
Trd, 863703.084, 97
Trd, 863703.418, 98
Trd, 863703.984, 98
Trd, 863704.318, 95
Trd, 863704.334, 98
Trd, 863704.351, 94
Trd, 863704.601, 98
Trd, 863704.951, 99
Trd, 863705.001, 100
Trd, 863705.051, 91
Trd, 863705.284, 101
Trd, 863705.601, 94
Trd, 863706.251, 107
Trd, 863706.801, 94
Trd, 863707.101, 98
Trd, 863708.118, 105
Trd, 863708.168, 106
Trd, 863708.251, 90
Trd, 863708.601, 106
Trd, 863708.668, 84
Trd, 863709.851, 103
Trd, 863710.001, 118
Trd, 863710.301, 103
Trd, 863710.868, 104
Trd, 863711.301, 102
Trd, 863711.334, 104
Trd, 863712.201, 108
Trd, 863712.368, 90
Trd, 863712.584, 108
Trd, 863712.984, 104
Trd, 863713.434, 104
Trd, 863713.951, 102
Trd, 863714.101, 102
Trd, 863714.168, 103
Trd, 863714.851, 101
Trd, 863714.918, 102
Trd, 863716.501, 103
Trd, 863716.568, 104
Trd, 863717.051, 102
Trd, 863717.251, 101
Trd, 863717.301, 100
Trd, 863717.801, 97
Trd, 863717.851, 104
Trd, 863718.001, 95
Trd, 863718.034, 104
Trd, 863718.684, 105
Trd, 863718.984, 102
Trd, 863719.451, 98
Trd, 863720.101, 94
Trd, 863720.368, 94
Trd, 863720.451, 95
Trd, 863720.934, 99
Trd, 863721.368, 98
Trd, 863721.418, 99
Trd, 863721.984, 102
Trd, 863723.034, 106
Trd, 863723.151, 104
Trd, 863723.184, 108
Trd, 863723.234, 103
Trd, 863723.818, 102
Trd, 863723.918, 95
Trd, 863724.034, 108
Trd, 863724.468, 93
Trd, 863724.834, 111
Trd, 863724.884, 129
Trd, 863725.968, 94
Trd, 863727.184, 100
Trd, 863727.401, 94
Trd, 863727.501, 98
Trd, 863727.734, 93
Trd, 863727.801, 99
Trd, 863727.884, 101
Trd, 863728.134, 104
Trd, 863728.468, 106
Trd, 863728.601, 122
Trd, 863728.751, 95
Trd, 863728.968, 92
Trd, 863729.518, 109
Trd, 863730.084, 91
Trd, 863730.251, 103
Trd, 863730.634, 91
Trd, 863731.184, 96
Trd, 863732.384, 94
Trd, 863732.534, 94
Trd, 863732.868, 96
Trd, 863733.384, 101
Trd, 863733.584, 103
Trd, 863733.634, 107
Trd, 863734.618, 106
Trd, 863734.718, 95
Trd, 863734.751, 103
Trd, 863735.101, 101
Trd, 863736.134, 97
Trd, 863736.634, 93
Trd, 863737.184, 96
Trd, 863737.551, 96
Trd, 863737.934, 95
Trd, 863737.968, 96
Trd, 863738.051, 99
Trd, 863738.351, 99
Trd, 863738.634, 97
Trd, 863739.618, 94
Trd, 863739.751, 101
Trd, 863740.584, 102
Trd, 863740.734, 105
Trd, 863740.818, 98
Trd, 863740.951, 105
Trd, 863741.518, 106
Trd, 863742.151, 100
Trd, 863742.184, 105
Trd, 863742.368, 108
Trd, 863743.768, 102
Trd, 863743.968, 101
Trd, 863744.668, 105
Trd, 863744.918, 102
Trd, 863745.551, 100
Trd, 863746.568, 102
Trd, 863747.568, 102
Trd, 863747.768, 104
Trd, 863748.101, 99
Trd, 863748.368, 95
Trd, 863749.351, 95
Trd, 863749.501, 98
Trd, 863749.951, 94
Trd, 863750.084, 98
Trd, 863750.201, 100
Trd, 863750.468, 97
Trd, 863750.518, 98
Trd, 863750.551, 106
Trd, 863750.751, 104
Trd, 863750.868, 101
Trd, 863751.284, 107
Trd, 863751.451, 88
Trd, 863752.418, 92
Trd, 863752.568, 91
Trd, 863753.034, 93
Trd, 863753.451, 111
Trd, 863754.034, 111
Trd, 863754.084, 110
Trd, 863755.134, 119
Trd, 863755.234, 106
Trd, 863755.451, 108
Trd, 863756.101, 95
Trd, 863756.251, 107
Trd, 863756.951, 104
Trd, 863757.284, 104
Trd, 863757.751, 100
Trd, 863758.334, 100
Trd, 863758.818, 100
Trd, 863759.134, 100
Trd, 863759.284, 102
Trd, 863759.318, 104
Trd, 863759.701, 105
Trd, 863760.384, 110
Trd, 863760.484, 111
Trd, 863760.868, 100
Trd, 863761.501, 104
Trd, 863761.784, 100
Trd, 863761.984, 104
Trd, 863762.701, 98
Trd, 863763.634, 97
Trd, 863763.801, 97
Trd, 863763.968, 96
Trd, 863764.068, 97
Trd, 863764.934, 100
Trd, 863765.068, 99
Trd, 863765.284, 96
Trd, 863765.334, 95
Trd, 863765.418, 102
Trd, 863765.851, 111
Trd, 863767.284, 106
Trd, 863767.718, 107
Trd, 863768.634, 115
Trd, 863768.668, 106
Trd, 863768.901, 118
Trd, 863769.084, 104
Trd, 863769.468, 104
Trd, 863769.868, 101
Trd, 863770.501, 100
Trd, 863770.534, 97
Trd, 863770.618, 121
Trd, 863770.901, 121
Trd, 863770.951, 123
Trd, 863771.134, 96
Trd, 863771.551, 95
Trd, 863772.351, 96
Trd, 863772.651, 97
Trd, 863773.268, 96
Trd, 863773.351, 93
Trd, 863773.801, 99
Trd, 863774.384, 95
Trd, 863774.484, 96
Trd, 863774.901, 101
Trd, 863775.284, 102
Trd, 863775.701, 96
Trd, 863776.501, 102
Trd, 863776.868, 95
Trd, 863777.184, 100
Trd, 863777.668, 101
Trd, 863778.301, 103
Trd, 863778.434, 104
Trd, 863778.468, 105
Trd, 863779.001, 103
Trd, 863779.134, 107
Trd, 863779.201, 101
Trd, 863780.351, 105
Trd, 863780.484, 103
Trd, 863781.184, 101
Trd, 863781.251, 101
Trd, 863782.551, 94
Trd, 863782.684, 93
Trd, 863782.834, 95
Trd, 863782.918, 90
Trd, 863783.151, 94
Trd, 863783.318, 95
Trd, 863784.251, 89
Trd, 863784.718, 88
Trd, 863784.751, 89
Trd, 863785.118, 94
Trd, 863785.451, 95
Trd, 863785.851, 98
Trd, 863785.918, 106
Trd, 863786.151, 93
Trd, 863786.584, 95
Trd, 863786.768, 95
Trd, 863787.068, 94
Trd, 863787.334, 100
Trd, 863787.951, 101
Trd, 863788.018, 100
Trd, 863788.084, 99
Trd, 863788.684, 100
Trd, 863788.734, 101
Trd, 863789.618, 106
Trd, 863789.701, 107
Trd, 863789.934, 109
Trd, 863790.501, 123
Trd, 863790.701, 106
Trd, 863791.584, 106
Trd, 863791.818, 103
Trd, 863792.068, 101
Trd, 863792.151, 95
Trd, 863792.334, 106
Trd, 863792.368, 88
Trd, 863792.868, 102
Trd, 863793.918, 105
Trd, 863794.101, 94
Trd, 863795.151, 103
Trd, 863795.451, 104
Trd, 863795.684, 112
Trd, 863796.251, 106
Trd, 863796.534, 111
Trd, 863796.634, 105
Trd, 863796.718, 116
Trd, 863797.268, 117
Trd, 863797.368, 105
Trd, 863797.701, 103
Trd, 863798.068, 99
Trd, 863798.434, 86
Trd, 863798.634, 122
Trd, 863798.968, 124
Trd, 863799.151, 112
Trd, 863799.284, 109
Trd, 863799.968, 108
Trd, 863800.034, 106
Trd, 863802.134, 105
Trd, 863802.268, 106
Trd, 863802.934, 113
Trd, 863803.101, 112
Trd, 863804.051, 104
Trd, 863804.418, 111
Trd, 863804.568, 103
Trd, 863804.968, 103
Trd, 863805.151, 101
Trd, 863806.218, 104
Trd, 863806.601, 96
Trd, 863807.234, 103
Trd, 863807.301, 104
Trd, 863807.784, 98
Trd, 863807.984, 104
Trd, 863808.218, 105
Trd, 863808.318, 97
Trd, 863808.651, 97
Trd, 863808.918, 102
Trd, 863809.801, 94
Trd, 863809.901, 94
Trd, 863810.484, 91
Trd, 863810.534, 91
Trd, 863810.568, 92
Trd, 863810.884, 95
Trd, 863811.568, 91
Trd, 863812.034, 92
Trd, 863812.084, 90
Trd, 863812.318, 93
Trd, 863813.134, 93
Trd, 863813.418, 95
Trd, 863813.834, 100
Trd, 863814.134, 95
Trd, 863814.618, 100
Trd, 863814.768, 100
Trd, 863814.784, 101
Trd, 863815.434, 99
Trd, 863816.134, 101
Trd, 863816.351, 101
Trd, 863816.934, 101
Trd, 863817.201, 106
Trd, 863817.301, 109
Trd, 863817.601, 110
Trd, 863818.001, 111
Trd, 863818.734, 105
Trd, 863818.834, 111
Trd, 863819.551, 102
Trd, 863819.651, 121
Trd, 863820.001, 123
Trd, 863820.034, 101
Trd, 863820.218, 123
Trd, 863820.284, 100
Trd, 863821.084, 120
Trd, 863822.168, 104
Trd, 863822.668, 107
Trd, 863822.934, 103
Trd, 863823.468, 102
Trd, 863823.918, 102
Trd, 863824.018, 103
Trd, 863824.734, 103
Trd, 863824.834, 102
Trd, 863825.034, 101
Trd, 863825.051, 104
Trd, 863825.634, 101
Trd, 863826.634, 95
Trd, 863826.701, 101
Trd, 863827.168, 93
Trd, 863827.584, 90
Trd, 863828.868, 92
Trd, 863829.018, 92
Trd, 863829.184, 95
Trd, 863829.268, 98
Trd, 863829.484, 106
Trd, 863829.651, 105
Trd, 863829.834, 106
Trd, 863830.651, 96
Trd, 863831.801, 102
Trd, 863832.384, 103
Trd, 863832.518, 101
Trd, 863832.701, 103
Trd, 863832.751, 103
Trd, 863833.018, 101
Trd, 863833.484, 105
Trd, 863833.634, 106
Trd, 863834.368, 98
Trd, 863834.668, 99
Trd, 863835.734, 99
Trd, 863835.901, 99
Trd, 863836.368, 96
Trd, 863837.234, 96
Trd, 863837.534, 95
Trd, 863837.601, 96
Trd, 863838.218, 95
Trd, 863838.601, 98
Trd, 863838.701, 101
Trd, 863839.101, 97
Trd, 863839.184, 105
Trd, 863839.418, 99
Trd, 863839.584, 117
Trd, 863839.801, 115
Trd, 863840.368, 104
Trd, 863841.018, 97
Trd, 863841.084, 119
Trd, 863841.334, 120
Trd, 863842.501, 104
Trd, 863842.701, 101
Trd, 863842.718, 102
Trd, 863842.934, 95
Trd, 863843.168, 105
Trd, 863844.334, 95
Trd, 863845.068, 95
Trd, 863845.101, 95
Trd, 863845.751, 95
Trd, 863846.251, 94
Trd, 863846.501, 90
Trd, 863846.918, 94
Trd, 863847.201, 95
Trd, 863848.084, 101
Trd, 863848.818, 99
Trd, 863848.884, 98
Trd, 863849.218, 94
Trd, 863849.901, 99
Trd, 863850.618, 97
Trd, 863850.668, 92
Trd, 863851.134, 97
Trd, 863851.218, 101
Trd, 863852.034, 101
Trd, 863852.134, 100
Trd, 863853.518, 101
Trd, 863853.851, 101
Trd, 863854.068, 106
Trd, 863854.084, 106
Trd, 863854.101, 100
Trd, 863855.034, 101
Trd, 863855.218, 103
Trd, 863855.401, 101
Trd, 863855.484, 100
Trd, 863855.718, 103
Trd, 863857.068, 99
Trd, 863857.234, 97
Trd, 863857.268, 99
Trd, 863857.501, 102
Trd, 863857.618, 97
Trd, 863857.951, 103
Trd, 863858.384, 102
Trd, 863859.468, 105
Trd, 863859.818, 104
Trd, 863860.351, 106
Trd, 863860.434, 101
Trd, 863861.068, 96
Trd, 863861.284, 95
Trd, 863862.001, 104
Trd, 863862.118, 94
Trd, 863862.401, 101
Trd, 863862.718, 100
Trd, 863862.751, 101
Trd, 863863.018, 103
Trd, 863863.118, 105
Trd, 863863.601, 101
Trd, 863864.318, 87
Trd, 863864.668, 103
Trd, 863864.934, 105
Trd, 863865.118, 106
Trd, 863865.718, 103
Trd, 863866.051, 102
Trd, 863866.418, 102
Trd, 863866.534, 102
Trd, 863866.918, 101
Trd, 863867.834, 98
Trd, 863868.168, 101
Trd, 863868.284, 104
Trd, 863868.951, 97
Trd, 863869.051, 106
Trd, 863869.634, 96
Trd, 863869.868, 104
Trd, 863870.034, 109
Trd, 863870.784, 111
Trd, 863870.918, 109
Trd, 863871.384, 103
Trd, 863871.551, 102
Trd, 863872.218, 98
Trd, 863872.784, 95
Trd, 863873.601, 91
Trd, 863874.484, 95
Trd, 863874.668, 94
Trd, 863874.684, 95
Trd, 863874.918, 94
Trd, 863875.384, 95
Trd, 863875.584, 96
Trd, 863875.618, 101
Trd, 863875.951, 102
Trd, 863875.984, 104
Trd, 863876.701, 101
Trd, 863876.901, 105
Trd, 863876.951, 92
Trd, 863878.134, 97
Trd, 863878.201, 108
Trd, 863878.234, 108
Trd, 863878.934, 106
Trd, 863879.618, 115
Trd, 863879.818, 98
Trd, 863880.084, 115
Trd, 863880.434, 107
Trd, 863882.001, 106
Trd, 863882.051, 103
Trd, 863882.268, 106
Trd, 863882.351, 106
Trd, 863882.601, 106
Trd, 863883.101, 105
Trd, 863883.751, 101
Trd, 863884.334, 100
Trd, 863884.451, 99
Trd, 863884.734, 97
Trd, 863885.651, 97
Trd, 863885.768, 93
Trd, 863886.451, 93
Trd, 863886.518, 93
Trd, 863887.234, 91
Trd, 863887.501, 95
Trd, 863887.968, 98
Trd, 863888.151, 105
Trd, 863888.384, 109
Trd, 863888.501, 90
Trd, 863888.818, 108
Trd, 863888.934, 117
Trd, 863889.251, 90
Trd, 863889.401, 107
Trd, 863890.234, 94
Trd, 863890.418, 91
Trd, 863891.168, 111
Trd, 863891.651, 105
Trd, 863891.834, 109
Trd, 863892.784, 106
Trd, 863892.918, 106
Trd, 863893.234, 105
Trd, 863893.784, 106
Trd, 863893.918, 107
Trd, 863894.001, 100
Trd, 863894.201, 98
Trd, 863894.468, 108
Trd, 863894.501, 96
Trd, 863895.468, 102
Trd, 863895.534, 101
Trd, 863895.634, 95
Trd, 863896.151, 103
Trd, 863896.168, 104
Trd, 863896.334, 95
Trd, 863896.768, 104
Trd, 863897.351, 95
Trd, 863898.968, 102
Trd, 863899.068, 102
Trd, 863899.218, 102
Trd, 863899.418, 103
Trd, 863899.601, 105
Trd, 863900.201, 101
Trd, 863900.701, 103
Trd, 863900.818, 94
Trd, 863901.184, 108
Trd, 863901.768, 108
Trd, 863901.968, 109
Trd, 863902.334, 112
Trd, 863902.701, 94
Trd, 863903.334, 103
Trd, 863903.568, 100
Trd, 863903.851, 100
Trd, 863904.318, 99
Trd, 863904.384, 99
Trd, 863904.684, 97
Trd, 863904.968, 97
Trd, 863905.118, 96
Trd, 863905.301, 97
Trd, 863905.718, 97
Trd, 863905.768, 101
Trd, 863906.301, 97
Trd, 863906.518, 113
Trd, 863906.684, 115
Trd, 863907.584, 106
Trd, 863908.618, 105
Trd, 863909.068, 103
Trd, 863909.484, 109
Trd, 863909.918, 110
Trd, 863910.018, 104
Trd, 863910.551, 103
Trd, 863910.601, 98
Trd, 863910.818, 96
Trd, 863910.951, 94
Trd, 863911.551, 101
Trd, 863911.701, 102
Trd, 863912.318, 99
Trd, 863912.451, 99
Trd, 863912.901, 94
Trd, 863913.284, 98
Trd, 863914.101, 98
Trd, 863914.434, 93
Trd, 863914.668, 90
Trd, 863914.818, 93
Trd, 863914.918, 101
Trd, 863915.034, 105
Trd, 863915.518, 90
Trd, 863915.901, 102
Trd, 863916.034, 103
Trd, 863917.468, 103
Trd, 863917.984, 105
Trd, 863918.234, 106
Trd, 863918.418, 105
Trd, 863918.551, 104
Trd, 863918.834, 107
Trd, 863919.101, 111
Trd, 863919.651, 101
Trd, 863920.234, 100
Trd, 863920.284, 105
Trd, 863920.534, 98
Trd, 863920.884, 109
Trd, 863921.084, 96
Trd, 863922.368, 96
Trd, 863922.418, 95
Trd, 863922.968, 102
Trd, 863923.068, 101
Trd, 863923.134, 101
Trd, 863924.401, 100
Trd, 863924.484, 99
Trd, 863924.501, 101
Trd, 863924.534, 99
Trd, 863924.751, 98
Trd, 863924.884, 94
Trd, 863925.368, 96
Trd, 863925.651, 100
Trd, 863926.101, 100
Trd, 863926.634, 99
Trd, 863926.984, 106
Trd, 863927.151, 98
Trd, 863928.418, 99
Trd, 863929.284, 98
Trd, 863929.318, 99
Trd, 863929.351, 102
Trd, 863930.018, 96
Trd, 863930.684, 92
Trd, 863930.751, 93
Trd, 863931.201, 101
Trd, 863931.484, 93
Trd, 863931.584, 98
Trd, 863932.018, 94
Trd, 863932.701, 95
Trd, 863932.718, 96
Trd, 863932.984, 101
Trd, 863933.234, 101
Trd, 863934.651, 95
Trd, 863934.918, 96
Trd, 863935.018, 101
Trd, 863935.601, 95
Trd, 863935.634, 103
Trd, 863935.784, 88
Trd, 863937.484, 99
Trd, 863937.951, 96
Trd, 863938.001, 99
Trd, 863938.234, 98
Trd, 863938.251, 97
Trd, 863938.268, 99
Trd, 863938.434, 95
Trd, 863939.218, 87
Trd, 863939.234, 98
Trd, 863940.301, 98
Trd, 863941.051, 95
Trd, 863941.068, 97
Trd, 863941.451, 97
Trd, 863941.484, 101
Trd, 863942.868, 104
Trd, 863942.968, 106
Trd, 863943.234, 103
Trd, 863943.734, 103
Trd, 863943.851, 101
Trd, 863943.918, 101
Trd, 863944.134, 109
Trd, 863944.551, 105
Trd, 863944.851, 103
Trd, 863945.334, 110
Trd, 863945.634, 121
Trd, 863945.984, 111
Trd, 863946.784, 101
Trd, 863947.118, 100
Trd, 863947.351, 103
Trd, 863947.868, 120
Trd, 863947.984, 110
Trd, 863948.351, 109
Trd, 863949.351, 106
Trd, 863949.568, 116
Trd, 863949.684, 110
Trd, 863950.218, 104
Trd, 863950.501, 107
Trd, 863951.184, 106
Trd, 863951.284, 106
Trd, 863951.318, 101
Trd, 863951.401, 100
Trd, 863951.718, 95
Trd, 863951.968, 100
Trd, 863952.501, 101
Trd, 863953.201, 95
Trd, 863953.568, 92
Trd, 863953.751, 90
Trd, 863953.818, 93
Trd, 863954.034, 93
Trd, 863954.118, 95
Trd, 863955.218, 93
Trd, 863955.984, 93
Trd, 863956.251, 95
Trd, 863956.284, 104
Trd, 863956.901, 94
Trd, 863956.968, 93
Trd, 863957.351, 104
Trd, 863957.484, 109
Trd, 863957.718, 111
Trd, 863958.068, 97
Trd, 863958.651, 98
Trd, 863959.068, 96
Trd, 863959.184, 96
Trd, 863959.401, 97
Trd, 863960.334, 99
Trd, 863960.451, 95
Trd, 863960.901, 101
Trd, 863961.234, 96
Trd, 863962.218, 102
Trd, 863962.601, 100
Trd, 863962.801, 94
Trd, 863963.568, 101
Trd, 863963.884, 100
Trd, 863964.068, 98
Trd, 863965.251, 97
Trd, 863965.468, 97
Trd, 863965.601, 98
Trd, 863966.201, 98
Trd, 863966.351, 96
Trd, 863966.684, 102
Trd, 863968.018, 100
Trd, 863968.251, 101
Trd, 863968.884, 98
Trd, 863969.084, 101
Trd, 863969.884, 95
Trd, 863970.018, 95
Trd, 863970.134, 102
Trd, 863970.318, 86
Trd, 863970.801, 103
Trd, 863971.368, 103
Trd, 863971.551, 96
Trd, 863971.651, 97
Trd, 863971.684, 98
Trd, 863972.968, 103
Trd, 863973.568, 101
Trd, 863973.918, 101
Trd, 863974.184, 102
Trd, 863975.051, 104
Trd, 863975.651, 101
Trd, 863975.734, 100
Trd, 863975.768, 102
Trd, 863976.051, 98
Trd, 863977.118, 96
Trd, 863977.351, 96
Trd, 863977.801, 96
Trd, 863978.551, 94
Trd, 863978.618, 97
Trd, 863979.218, 99
Trd, 863979.418, 100
Trd, 863979.534, 101
Trd, 863979.801, 95
Trd, 863980.084, 104
Trd, 863980.201, 96
Trd, 863980.301, 103
Trd, 863980.501, 104
Trd, 863981.418, 92
Trd, 863981.984, 90
Trd, 863982.318, 97
Trd, 863982.551, 98
Trd, 863983.118, 101
Trd, 863983.418, 100
Trd, 863983.618, 106
Trd, 863984.118, 104
Trd, 863984.584, 109
Trd, 863985.401, 108
Trd, 863985.734, 95
Trd, 863986.784, 104
Trd, 863987.151, 104
Trd, 863987.351, 103
Trd, 863987.534, 101
Trd, 863987.768, 93
Trd, 863987.884, 102
Trd, 863988.068, 101
Trd, 863988.184, 101
Trd, 863988.234, 102
Trd, 863988.718, 99
Trd, 863988.984, 100
Trd, 863989.184, 101
Trd, 863989.701, 96
Trd, 863989.884, 107
Trd, 863990.168, 111
Trd, 863991.134, 96
Trd, 863991.351, 95
Trd, 863991.434, 89
Trd, 863992.201, 96
Trd, 863992.634, 97
Trd, 863993.084, 94
Trd, 863993.584, 97
Trd, 863993.634, 89
Trd, 863993.668, 98
Trd, 863994.268, 89
Trd, 863994.918, 92
Trd, 863995.651, 101
Trd, 863996.168, 103
Trd, 863997.001, 98
Trd, 863997.801, 99
Trd, 863998.734, 99
Trd, 863999.151, 100
Trd, 863999.218, 100
Trd, 863999.284, 98
Trd, 863999.301, 94
Trd, 863999.518, 98
