Trd, 863317.251, 116
Trd, 863317.534, 103
Trd, 863317.601, 95
Trd, 863317.718, 114
Trd, 863317.968, 83
Trd, 863318.784, 94
Trd, 863319.068, 92
Trd, 863319.484, 82
Trd, 863319.718, 115
Trd, 863319.751, 112
Trd, 863320.701, 109
Trd, 863321.634, 108
Trd, 863321.984, 107
Trd, 863322.001, 108
Trd, 863322.401, 105
Trd, 863322.568, 107
Trd, 863322.901, 105
Trd, 863324.001, 106
Trd, 863324.968, 108
Trd, 863325.384, 110
Trd, 863325.701, 115
Trd, 863325.801, 109
Trd, 863325.968, 105
Trd, 863326.551, 108
Trd, 863327.168, 107
Trd, 863327.218, 108
Trd, 863328.451, 105
Trd, 863329.151, 106
Trd, 863329.201, 104
Trd, 863329.484, 109
Trd, 863329.584, 93
Trd, 863329.901, 91
Trd, 863330.068, 88
Trd, 863330.434, 112
Trd, 863330.851, 117
Trd, 863331.068, 115
Trd, 863331.418, 113
Trd, 863331.468, 95
Trd, 863331.601, 87
Trd, 863331.668, 115
Trd, 863331.934, 91
Trd, 863332.234, 92
Trd, 863334.151, 98
Trd, 863334.751, 94
Trd, 863335.501, 106
Trd, 863335.601, 99
Trd, 863335.734, 113
Trd, 863335.784, 110
Trd, 863336.418, 107
Trd, 863336.784, 112
Trd, 863337.668, 106
Trd, 863337.684, 106
Trd, 863337.834, 100
Trd, 863337.984, 107
Trd, 863339.101, 100
Trd, 863339.151, 95
Trd, 863339.251, 89
Trd, 863339.751, 85
Trd, 863339.801, 78
Trd, 863339.834, 78
Trd, 863340.201, 108
Trd, 863340.351, 109
Trd, 863340.501, 121
Trd, 863340.634, 106
Trd, 863341.034, 89
Trd, 863341.151, 89
Trd, 863342.118, 102
Trd, 863342.534, 109
Trd, 863343.051, 109
Trd, 863344.084, 101
Trd, 863344.134, 110
Trd, 863344.234, 100
Trd, 863344.884, 108
Trd, 863345.184, 114
Trd, 863345.201, 106
Trd, 863345.518, 95
Trd, 863345.851, 117
Trd, 863345.901, 121
Trd, 863345.984, 106
Trd, 863346.368, 95
Trd, 863346.418, 93
Trd, 863346.634, 100
Trd, 863347.834, 85
Trd, 863348.134, 107
Trd, 863348.201, 108
Trd, 863350.101, 107
Trd, 863350.434, 107
Trd, 863350.634, 110
Trd, 863350.851, 107
Trd, 863350.918, 113
Trd, 863350.934, 107
Trd, 863351.384, 106
Trd, 863351.551, 101
Trd, 863351.634, 97
Trd, 863352.884, 112
Trd, 863353.068, 109
Trd, 863353.851, 99
Trd, 863353.968, 97
Trd, 863354.234, 100
Trd, 863354.268, 96
Trd, 863354.634, 112
Trd, 863355.284, 107
Trd, 863355.851, 106
Trd, 863356.418, 106
Trd, 863357.151, 96
Trd, 863357.168, 95
Trd, 863357.218, 94
Trd, 863357.451, 87
Trd, 863357.551, 88
Trd, 863357.634, 112
Trd, 863357.851, 113
Trd, 863358.151, 103
Trd, 863358.934, 106
Trd, 863359.734, 105
Trd, 863360.118, 106
Trd, 863360.234, 107
Trd, 863360.318, 92
Trd, 863360.384, 91
Trd, 863360.718, 115
Trd, 863360.968, 86
Trd, 863361.834, 111
Trd, 863361.951, 104
Trd, 863362.034, 87
Trd, 863362.151, 112
Trd, 863364.301, 104
Trd, 863364.734, 111
Trd, 863364.818, 112
Trd, 863364.918, 106
Trd, 863365.618, 110
Trd, 863366.068, 109
Trd, 863366.084, 113
Trd, 863366.784, 105
Trd, 863366.818, 104
Trd, 863366.901, 95
Trd, 863367.584, 116
Trd, 863367.601, 117
Trd, 863367.901, 113
Trd, 863367.918, 84
Trd, 863367.934, 82
Trd, 863368.034, 114
Trd, 863369.234, 107
Trd, 863369.468, 114
Trd, 863370.134, 111
Trd, 863370.451, 113
Trd, 863370.734, 106
Trd, 863371.218, 98
Trd, 863371.251, 95
Trd, 863371.401, 108
Trd, 863372.251, 87
Trd, 863372.751, 94
Trd, 863373.101, 92
Trd, 863373.301, 105
Trd, 863373.684, 108
Trd, 863374.118, 94
Trd, 863374.234, 92
Trd, 863374.284, 110
Trd, 863375.001, 90
Trd, 863375.101, 99
Trd, 863375.318, 88
Trd, 863375.368, 86
Trd, 863376.034, 102
Trd, 863377.168, 107
Trd, 863377.384, 108
Trd, 863377.401, 113
Trd, 863377.601, 106
Trd, 863378.118, 117
Trd, 863378.184, 95
Trd, 863379.501, 94
Trd, 863379.884, 95
Trd, 863380.034, 97
Trd, 863380.601, 90
Trd, 863380.768, 91
Trd, 863380.834, 98
Trd, 863380.968, 91
Trd, 863381.284, 117
Trd, 863381.468, 118
Trd, 863381.501, 109
Trd, 863381.534, 104
Trd, 863381.568, 90
Trd, 863382.851, 120
Trd, 863383.768, 108
Trd, 863384.101, 85
Trd, 863384.268, 84
Trd, 863384.901, 86
Trd, 863384.934, 106
Trd, 863385.334, 107
Trd, 863385.384, 83
Trd, 863386.551, 98
Trd, 863386.934, 112
Trd, 863387.318, 103
Trd, 863387.568, 113
Trd, 863387.868, 93
Trd, 863388.318, 116
Trd, 863388.351, 95
Trd, 863388.568, 94
Trd, 863390.034, 106
Trd, 863390.384, 114
Trd, 863391.068, 98
Trd, 863391.084, 93
Trd, 863391.234, 91
Trd, 863391.251, 99
Trd, 863391.551, 93
Trd, 863391.801, 73
Trd, 863391.918, 103
Trd, 863392.718, 104
Trd, 863393.184, 109
Trd, 863393.218, 110
Trd, 863393.334, 86
Trd, 863393.584, 86
Trd, 863393.968, 112
Trd, 863394.051, 117
Trd, 863394.951, 115
Trd, 863395.334, 97
Trd, 863395.534, 106
Trd, 863395.634, 93
Trd, 863396.101, 88
Trd, 863396.368, 110
Trd, 863396.634, 90
Trd, 863397.018, 109
Trd, 863397.218, 108
Trd, 863397.468, 109
Trd, 863397.518, 91
Trd, 863398.268, 93
Trd, 863398.768, 111
Trd, 863398.851, 112
Trd, 863399.518, 113
Trd, 863400.084, 109
Trd, 863401.534, 109
Trd, 863401.784, 110
Trd, 863401.834, 111
Trd, 863402.051, 108
Trd, 863402.384, 110
Trd, 863402.518, 104
Trd, 863403.118, 91
Trd, 863403.834, 89
Trd, 863403.918, 95
Trd, 863404.001, 87
Trd, 863404.084, 107
Trd, 863404.734, 107
Trd, 863404.851, 95
Trd, 863405.068, 106
Trd, 863405.284, 118
Trd, 863405.551, 113
Trd, 863406.234, 116
Trd, 863407.084, 109
Trd, 863407.651, 109
Trd, 863407.751, 110
Trd, 863407.784, 111
Trd, 863408.034, 109
Trd, 863408.701, 104
Trd, 863408.851, 95
Trd, 863409.001, 109
Trd, 863409.118, 93
Trd, 863409.834, 83
Trd, 863409.984, 109
Trd, 863410.751, 101
Trd, 863410.984, 89
Trd, 863411.384, 85
Trd, 863412.034, 96
Trd, 863412.101, 109
Trd, 863413.301, 104
Trd, 863413.501, 105
Trd, 863413.668, 108
Trd, 863413.718, 101
Trd, 863414.434, 109
Trd, 863414.968, 99
Trd, 863415.601, 106
Trd, 863415.618, 106
Trd, 863415.768, 105
Trd, 863416.351, 107
Trd, 863416.518, 104
Trd, 863416.834, 103
Trd, 863416.934, 107
Trd, 863417.184, 112
Trd, 863417.451, 96
Trd, 863417.834, 91
Trd, 863418.301, 117
Trd, 863418.568, 98
Trd, 863418.834, 115
Trd, 863419.734, 103
Trd, 863420.234, 89
Trd, 863420.384, 83
Trd, 863420.618, 84
Trd, 863421.201, 95
Trd, 863421.284, 106
Trd, 863421.401, 91
Trd, 863421.651, 85
Trd, 863421.951, 96
Trd, 863422.651, 98
Trd, 863422.951, 100
Trd, 863423.484, 89
Trd, 863424.034, 89
Trd, 863424.118, 114
Trd, 863424.234, 115
Trd, 863424.934, 108
Trd, 863425.318, 112
Trd, 863425.434, 96
Trd, 863426.218, 89
Trd, 863426.518, 115
Trd, 863427.118, 99
Trd, 863428.084, 92
Trd, 863428.118, 91
Trd, 863428.434, 92
Trd, 863428.834, 98
Trd, 863429.468, 99
Trd, 863429.868, 92
Trd, 863430.434, 108
Trd, 863430.518, 109
Trd, 863430.818, 98
Trd, 863431.051, 109
Trd, 863431.101, 102
Trd, 863431.918, 106
Trd, 863432.201, 102
Trd, 863432.501, 106
Trd, 863432.601, 100
Trd, 863433.051, 112
Trd, 863433.334, 112
Trd, 863433.884, 104
Trd, 863434.384, 114
Trd, 863434.534, 106
Trd, 863435.218, 112
Trd, 863436.018, 112
Trd, 863436.101, 113
Trd, 863436.251, 111
Trd, 863436.734, 114
Trd, 863437.168, 113
Trd, 863437.201, 109
Trd, 863437.451, 109
Trd, 863438.134, 107
Trd, 863438.218, 96
Trd, 863438.684, 104
Trd, 863439.434, 107
Trd, 863439.901, 99
Trd, 863440.051, 98
Trd, 863440.868, 101
Trd, 863441.051, 106
Trd, 863441.151, 96
Trd, 863441.918, 107
Trd, 863442.334, 106
Trd, 863442.534, 95
Trd, 863442.684, 107
Trd, 863442.901, 95
Trd, 863443.101, 108
Trd, 863443.368, 84
Trd, 863443.701, 109
Trd, 863443.851, 104
Trd, 863445.001, 92
Trd, 863446.018, 84
Trd, 863446.884, 88
Trd, 863447.751, 98
Trd, 863447.834, 104
Trd, 863448.884, 106
Trd, 863449.101, 95
Trd, 863449.201, 95
Trd, 863449.218, 94
Trd, 863449.418, 100
Trd, 863449.534, 108
Trd, 863449.634, 93
Trd, 863449.984, 99
Trd, 863450.118, 106
Trd, 863450.234, 90
Trd, 863450.268, 87
Trd, 863450.868, 98
Trd, 863451.301, 107
Trd, 863452.234, 98
Trd, 863452.318, 107
Trd, 863452.634, 112
Trd, 863453.234, 98
Trd, 863453.918, 125
Trd, 863453.968, 95
Trd, 863454.118, 85
Trd, 863454.368, 112
Trd, 863455.351, 113
Trd, 863456.084, 111
Trd, 863456.168, 107
Trd, 863457.134, 113
Trd, 863457.384, 106
Trd, 863458.201, 109
Trd, 863458.268, 104
Trd, 863459.084, 107
Trd, 863459.501, 106
Trd, 863460.001, 107
Trd, 863460.051, 108
Trd, 863460.201, 84
Trd, 863460.401, 84
Trd, 863460.484, 78
Trd, 863460.801, 77
Trd, 863461.784, 97
Trd, 863461.984, 96
Trd, 863462.684, 96
Trd, 863463.134, 97
Trd, 863463.201, 98
Trd, 863463.301, 104
Trd, 863463.368, 97
Trd, 863464.551, 96
Trd, 863464.601, 101
Trd, 863465.551, 98
Trd, 863465.701, 105
Trd, 863465.818, 106
Trd, 863465.884, 109
Trd, 863465.984, 115
Trd, 863466.201, 97
Trd, 863466.784, 95
Trd, 863467.368, 97
Trd, 863467.751, 100
Trd, 863468.368, 96
Trd, 863468.868, 98
Trd, 863469.084, 97
Trd, 863469.134, 94
Trd, 863469.551, 87
Trd, 863469.584, 82
Trd, 863469.618, 98
Trd, 863469.634, 81
Trd, 863470.618, 104
Trd, 863471.451, 109
Trd, 863471.768, 93
Trd, 863472.351, 111
Trd, 863473.051, 86
Trd, 863473.568, 85
Trd, 863473.751, 111
Trd, 863474.251, 112
Trd, 863474.518, 114
Trd, 863474.584, 101
Trd, 863474.968, 99
Trd, 863475.134, 98
Trd, 863475.234, 109
Trd, 863475.984, 88
Trd, 863476.334, 106
Trd, 863476.618, 87
Trd, 863476.684, 89
Trd, 863477.018, 88
Trd, 863477.318, 90
Trd, 863477.334, 88
Trd, 863477.351, 87
Trd, 863477.551, 95
Trd, 863477.601, 98
Trd, 863479.784, 112
Trd, 863479.934, 108
Trd, 863480.068, 106
Trd, 863480.784, 106
Trd, 863481.434, 92
Trd, 863481.451, 110
Trd, 863481.501, 112
Trd, 863481.984, 108
Trd, 863482.484, 91
Trd, 863482.834, 110
Trd, 863482.868, 91
Trd, 863483.184, 99
Trd, 863483.368, 109
Trd, 863483.518, 110
Trd, 863484.201, 115
Trd, 863484.901, 96
Trd, 863485.418, 115
Trd, 863486.818, 109
Trd, 863487.201, 108
Trd, 863487.268, 97
Trd, 863487.318, 96
Trd, 863487.368, 95
Trd, 863487.651, 113
Trd, 863487.984, 90
Trd, 863488.051, 89
Trd, 863489.034, 108
Trd, 863489.134, 110
Trd, 863489.451, 109
Trd, 863489.734, 108
Trd, 863489.868, 111
Trd, 863490.001, 114
Trd, 863490.318, 110
Trd, 863490.401, 109
Trd, 863490.451, 113
Trd, 863490.468, 106
Trd, 863490.984, 120
Trd, 863491.534, 123
Trd, 863491.584, 105
Trd, 863492.268, 101
Trd, 863492.434, 116
Trd, 863492.918, 98
Trd, 863493.634, 99
Trd, 863493.668, 100
Trd, 863493.701, 101
Trd, 863494.368, 95
Trd, 863494.551, 103
Trd, 863495.034, 95
Trd, 863495.418, 97
Trd, 863495.951, 93
Trd, 863496.851, 109
Trd, 863497.368, 108
Trd, 863497.501, 106
Trd, 863498.068, 105
Trd, 863498.101, 108
Trd, 863498.518, 104
Trd, 863498.734, 104
Trd, 863498.768, 99
Trd, 863498.784, 104
Trd, 863498.801, 106
Trd, 863499.268, 108
Trd, 863499.851, 116
Trd, 863500.568, 113
Trd, 863500.734, 110
Trd, 863501.801, 110
Trd, 863502.101, 111
Trd, 863502.601, 110
Trd, 863502.734, 110
Trd, 863502.768, 112
Trd, 863502.968, 108
Trd, 863503.551, 110
Trd, 863503.634, 106
Trd, 863504.134, 104
Trd, 863504.218, 95
Trd, 863504.234, 107
Trd, 863504.768, 85
Trd, 863504.801, 79
Trd, 863504.834, 73
Trd, 863505.001, 110
Trd, 863505.984, 111
Trd, 863506.351, 110
Trd, 863506.368, 109
Trd, 863506.934, 107
Trd, 863507.334, 108
Trd, 863507.368, 106
Trd, 863508.468, 104
Trd, 863508.818, 106
Trd, 863508.984, 110
Trd, 863509.734, 95
Trd, 863509.784, 84
Trd, 863510.201, 112
Trd, 863510.884, 104
Trd, 863510.968, 109
Trd, 863511.834, 95
Trd, 863512.651, 101
Trd, 863512.851, 100
Trd, 863512.918, 100
Trd, 863513.384, 102
Trd, 863513.601, 106
Trd, 863513.818, 95
Trd, 863513.968, 107
Trd, 863514.884, 92
Trd, 863515.368, 110
Trd, 863515.401, 109
Trd, 863515.551, 109
Trd, 863515.834, 85
Trd, 863515.951, 84
Trd, 863516.534, 98
Trd, 863516.701, 85
Trd, 863516.934, 88
Trd, 863517.168, 98
Trd, 863517.284, 82
Trd, 863518.034, 98
Trd, 863518.234, 99
Trd, 863518.451, 98
Trd, 863518.684, 99
Trd, 863519.001, 103
Trd, 863519.318, 104
Trd, 863520.334, 109
Trd, 863521.168, 110
Trd, 863521.201, 104
Trd, 863521.234, 90
Trd, 863521.434, 87
Trd, 863521.634, 79
Trd, 863521.718, 109
Trd, 863522.368, 110
Trd, 863523.201, 110
Trd, 863523.368, 112
Trd, 863523.734, 118
Trd, 863523.818, 109
Trd, 863523.968, 118
Trd, 863524.968, 106
Trd, 863525.951, 106
Trd, 863526.168, 109
Trd, 863526.234, 106
Trd, 863526.668, 106
Trd, 863526.734, 107
Trd, 863527.301, 104
Trd, 863527.484, 95
Trd, 863528.334, 102
Trd, 863528.551, 98
Trd, 863529.084, 100
Trd, 863529.234, 98
Trd, 863529.651, 105
Trd, 863529.834, 91
Trd, 863529.918, 106
Trd, 863530.034, 93
Trd, 863530.134, 92
Trd, 863530.368, 114
Trd, 863530.451, 116
Trd, 863530.884, 126
Trd, 863530.901, 113
Trd, 863531.351, 98
Trd, 863532.101, 111
Trd, 863532.568, 94
Trd, 863532.884, 93
Trd, 863533.284, 108
Trd, 863533.401, 109
Trd, 863533.601, 109
Trd, 863534.084, 95
Trd, 863534.134, 110
Trd, 863534.551, 93
Trd, 863534.618, 93
Trd, 863536.184, 116
Trd, 863536.384, 108
Trd, 863536.618, 117
Trd, 863537.501, 110
Trd, 863537.834, 109
Trd, 863538.401, 108
Trd, 863538.501, 110
Trd, 863538.618, 108
Trd, 863538.718, 106
Trd, 863539.001, 104
Trd, 863539.084, 109
Trd, 863539.534, 110
Trd, 863540.284, 107
Trd, 863540.768, 95
Trd, 863541.168, 86
Trd, 863541.434, 84
Trd, 863541.551, 104
Trd, 863541.801, 105
Trd, 863541.818, 96
Trd, 863542.151, 105
Trd, 863542.368, 106
Trd, 863542.651, 105
Trd, 863542.684, 104
Trd, 863543.801, 110
Trd, 863544.651, 109
Trd, 863544.968, 108
Trd, 863545.118, 104
Trd, 863546.318, 110
Trd, 863547.918, 95
Trd, 863548.118, 103
Trd, 863548.284, 95
Trd, 863548.434, 86
Trd, 863548.468, 101
Trd, 863548.534, 107
Trd, 863549.101, 88
Trd, 863549.201, 107
Trd, 863549.634, 107
Trd, 863549.834, 108
Trd, 863549.868, 113
Trd, 863550.234, 104
Trd, 863550.801, 109
Trd, 863550.818, 98
Trd, 863551.318, 113
Trd, 863551.384, 111
Trd, 863552.034, 103
Trd, 863552.134, 101
Trd, 863552.401, 99
Trd, 863552.918, 106
Trd, 863553.684, 105
Trd, 863553.734, 106
Trd, 863554.018, 107
Trd, 863555.351, 108
Trd, 863556.168, 110
Trd, 863556.201, 112
Trd, 863556.251, 107
Trd, 863556.501, 106
Trd, 863556.868, 95
Trd, 863557.284, 95
Trd, 863557.934, 110
Trd, 863557.984, 105
Trd, 863558.884, 92
Trd, 863559.151, 93
Trd, 863559.401, 109
Trd, 863560.151, 97
Trd, 863560.484, 108
Trd, 863561.101, 108
Trd, 863561.218, 106
Trd, 863561.384, 106
Trd, 863561.418, 104
Trd, 863561.434, 95
Trd, 863562.518, 103
Trd, 863563.468, 88
Trd, 863563.734, 104
Trd, 863564.201, 97
Trd, 863564.301, 111
Trd, 863564.401, 112
Trd, 863565.584, 99
Trd, 863565.751, 105
Trd, 863566.084, 95
Trd, 863566.801, 103
Trd, 863567.384, 105
Trd, 863567.518, 95
Trd, 863567.568, 106
Trd, 863567.884, 108
Trd, 863567.901, 97
Trd, 863568.401, 112
Trd, 863568.518, 113
Trd, 863569.701, 113
Trd, 863569.918, 110
Trd, 863570.101, 82
Trd, 863570.368, 100
Trd, 863570.734, 76
Trd, 863571.068, 77
Trd, 863571.251, 85
Trd, 863571.318, 115
Trd, 863572.068, 114
Trd, 863572.401, 115
Trd, 863572.634, 114
Trd, 863573.401, 106
Trd, 863573.851, 109
Trd, 863573.984, 115
Trd, 863574.218, 116
Trd, 863574.718, 106
Trd, 863574.934, 103
Trd, 863575.184, 115
Trd, 863576.051, 113
Trd, 863576.584, 119
Trd, 863576.901, 117
Trd, 863577.334, 115
Trd, 863577.768, 99
Trd, 863578.184, 98
Trd, 863578.251, 98
Trd, 863579.051, 105
Trd, 863579.718, 95
Trd, 863579.934, 106
Trd, 863580.101, 107
Trd, 863580.684, 104
Trd, 863581.618, 95
Trd, 863581.801, 91
Trd, 863581.984, 93
Trd, 863582.334, 95
Trd, 863583.084, 100
Trd, 863583.284, 102
Trd, 863583.418, 95
Trd, 863583.834, 95
Trd, 863585.268, 101
Trd, 863585.284, 104
Trd, 863585.868, 106
Trd, 863585.934, 92
Trd, 863586.218, 112
Trd, 863587.101, 106
Trd, 863588.118, 93
Trd, 863588.134, 93
Trd, 863588.401, 111
Trd, 863588.734, 104
Trd, 863588.901, 112
Trd, 863589.018, 105
Trd, 863589.501, 109
Trd, 863589.818, 107
Trd, 863590.101, 106
Trd, 863590.451, 84
Trd, 863590.518, 82
Trd, 863590.918, 105
Trd, 863591.101, 105
Trd, 863591.334, 106
Trd, 863591.984, 84
Trd, 863592.451, 108
Trd, 863593.101, 108
Trd, 863593.218, 105
Trd, 863593.384, 104
Trd, 863593.951, 89
Trd, 863594.301, 111
Trd, 863594.968, 111
Trd, 863595.134, 109
Trd, 863595.451, 105
Trd, 863596.401, 108
Trd, 863596.668, 109
Trd, 863597.401, 106
Trd, 863597.684, 107
Trd, 863598.118, 108
Trd, 863598.701, 103
Trd, 863599.034, 102
Trd, 863599.134, 96
Trd, 863599.568, 101
Trd, 863599.601, 102
Trd, 863599.634, 95
Trd, 863600.001, 83
Trd, 863601.001, 106
Trd, 863601.284, 96
Trd, 863601.334, 94
Trd, 863601.584, 109
Trd, 863601.834, 82
Trd, 863601.951, 113
Trd, 863602.334, 114
Trd, 863602.468, 88
Trd, 863602.751, 109
Trd, 863604.384, 105
Trd, 863604.551, 105
Trd, 863604.651, 104
Trd, 863605.084, 98
Trd, 863605.201, 82
Trd, 863605.234, 104
Trd, 863605.468, 73
Trd, 863605.551, 79
Trd, 863605.734, 90
Trd, 863605.951, 108
Trd, 863606.501, 88
Trd, 863606.584, 115
Trd, 863607.468, 88
Trd, 863608.918, 97
Trd, 863608.951, 98
Trd, 863608.968, 103
Trd, 863609.018, 113
Trd, 863609.318, 97
Trd, 863610.134, 108
Trd, 863610.884, 109
Trd, 863611.018, 111
Trd, 863611.101, 107
Trd, 863611.268, 112
Trd, 863611.768, 113
Trd, 863612.384, 107
Trd, 863612.801, 106
Trd, 863613.351, 110
Trd, 863613.618, 106
Trd, 863613.684, 106
Trd, 863613.934, 104
Trd, 863614.901, 111
Trd, 863615.918, 96
Trd, 863615.984, 96
Trd, 863616.234, 95
Trd, 863616.534, 108
Trd, 863616.901, 107
Trd, 863617.068, 106
Trd, 863617.118, 92
Trd, 863617.134, 84
Trd, 863617.434, 83
Trd, 863617.784, 104
Trd, 863618.101, 105
Trd, 863618.618, 111
Trd, 863618.868, 117
Trd, 863620.351, 99
Trd, 863620.384, 106
Trd, 863620.668, 115
Trd, 863621.051, 115
Trd, 863621.168, 114
Trd, 863621.318, 108
Trd, 863621.551, 103
Trd, 863622.068, 114
Trd, 863622.301, 95
Trd, 863622.734, 106
Trd, 863623.118, 87
Trd, 863623.268, 87
Trd, 863623.468, 93
Trd, 863623.734, 95
Trd, 863624.084, 88
Trd, 863624.434, 88
Trd, 863625.651, 105
Trd, 863625.851, 106
Trd, 863626.468, 108
Trd, 863626.784, 108
Trd, 863627.168, 107
Trd, 863627.551, 112
Trd, 863627.918, 108
Trd, 863628.084, 104
Trd, 863628.251, 111
Trd, 863629.118, 112
Trd, 863629.301, 96
Trd, 863629.984, 95
Trd, 863630.168, 105
Trd, 863630.251, 116
Trd, 863630.534, 125
Trd, 863630.918, 104
Trd, 863631.118, 121
Trd, 863631.351, 93
Trd, 863632.368, 105
Trd, 863632.968, 105
Trd, 863632.984, 105
Trd, 863633.134, 109
Trd, 863633.684, 106
Trd, 863633.734, 104
Trd, 863634.351, 95
Trd, 863634.768, 104
Trd, 863635.901, 104
Trd, 863636.501, 105
Trd, 863637.118, 104
Trd, 863637.851, 107
Trd, 863637.868, 104
Trd, 863638.251, 99
Trd, 863638.318, 94
Trd, 863638.401, 108
Trd, 863638.734, 94
Trd, 863638.968, 93
Trd, 863639.134, 98
Trd, 863639.284, 93
Trd, 863639.651, 108
Trd, 863640.334, 108
Trd, 863640.418, 104
Trd, 863640.918, 108
Trd, 863642.051, 111
Trd, 863642.234, 98
Trd, 863643.051, 101
Trd, 863643.201, 101
Trd, 863643.318, 109
Trd, 863643.568, 95
Trd, 863643.684, 91
Trd, 863644.368, 103
Trd, 863644.801, 106
Trd, 863644.884, 107
Trd, 863645.001, 104
Trd, 863645.234, 106
Trd, 863645.368, 107
Trd, 863645.984, 92
Trd, 863646.468, 107
Trd, 863647.201, 96
Trd, 863648.268, 106
Trd, 863648.601, 111
Trd, 863648.984, 106
Trd, 863649.318, 110
Trd, 863649.384, 104
Trd, 863649.401, 95
Trd, 863649.551, 85
Trd, 863650.968, 107
Trd, 863651.068, 109
Trd, 863651.851, 106
Trd, 863652.201, 105
Trd, 863653.018, 104
Trd, 863653.518, 106
Trd, 863653.634, 104
Trd, 863653.751, 108
Trd, 863654.051, 108
Trd, 863654.284, 104
Trd, 863655.418, 107
Trd, 863655.468, 103
Trd, 863655.684, 95
Trd, 863655.834, 95
Trd, 863655.918, 84
Trd, 863655.934, 107
Trd, 863656.501, 105
Trd, 863657.518, 97
Trd, 863657.551, 104
Trd, 863657.618, 86
Trd, 863657.684, 85
Trd, 863658.051, 104
Trd, 863658.534, 79
Trd, 863658.968, 107
Trd, 863659.451, 109
Trd, 863659.568, 115
Trd, 863659.634, 106
Trd, 863659.834, 116
Trd, 863660.118, 116
Trd, 863660.534, 104
Trd, 863660.934, 113
Trd, 863661.584, 95
Trd, 863661.701, 83
Trd, 863662.034, 113
Trd, 863662.851, 99
Trd, 863662.868, 99
Trd, 863662.918, 106
Trd, 863663.351, 86
Trd, 863664.068, 102
Trd, 863664.501, 103
Trd, 863664.718, 87
Trd, 863666.334, 103
Trd, 863666.868, 112
Trd, 863667.101, 98
Trd, 863667.484, 110
Trd, 863667.751, 112
Trd, 863668.618, 111
Trd, 863668.651, 109
Trd, 863668.668, 119
Trd, 863668.818, 120
Trd, 863668.984, 110
Trd, 863669.751, 109
Trd, 863670.168, 115
Trd, 863670.518, 111
Trd, 863671.184, 115
Trd, 863671.468, 112
Trd, 863671.534, 109
Trd, 863672.018, 114
Trd, 863672.551, 114
Trd, 863672.568, 108
Trd, 863673.051, 106
Trd, 863673.434, 106
Trd, 863673.734, 110
Trd, 863674.101, 104
Trd, 863674.701, 110
Trd, 863674.718, 108
Trd, 863674.734, 104
Trd, 863675.284, 111
Trd, 863675.551, 98
Trd, 863675.768, 105
Trd, 863676.634, 104
Trd, 863676.751, 113
Trd, 863677.201, 105
Trd, 863677.368, 113
Trd, 863677.384, 100
Trd, 863677.501, 95
Trd, 863677.918, 85
Trd, 863678.218, 105
Trd, 863678.401, 106
Trd, 863678.868, 95
Trd, 863679.484, 96
Trd, 863679.751, 95
Trd, 863680.651, 108
Trd, 863680.751, 108
Trd, 863682.418, 107
Trd, 863682.751, 95
Trd, 863682.784, 112
Trd, 863683.101, 119
Trd, 863683.401, 111
Trd, 863683.734, 113
Trd, 863683.934, 113
Trd, 863683.984, 112
Trd, 863684.018, 109
Trd, 863684.051, 104
Trd, 863684.318, 96
Trd, 863685.368, 104
Trd, 863686.568, 102
Trd, 863686.684, 103
Trd, 863686.918, 91
Trd, 863687.218, 90
Trd, 863687.351, 88
Trd, 863687.934, 104
Trd, 863688.018, 106
Trd, 863688.384, 112
Trd, 863689.018, 85
Trd, 863689.134, 77
Trd, 863689.284, 106
Trd, 863689.934, 115
Trd, 863690.134, 116
Trd, 863690.501, 116
Trd, 863690.868, 108
Trd, 863691.084, 84
Trd, 863691.284, 99
Trd, 863691.501, 92
Trd, 863692.134, 111
Trd, 863692.268, 109
Trd, 863692.368, 112
Trd, 863692.934, 107
Trd, 863693.018, 77
Trd, 863693.451, 114
Trd, 863694.751, 93
Trd, 863694.818, 108
Trd, 863696.534, 109
Trd, 863696.601, 112
Trd, 863696.868, 99
Trd, 863697.234, 99
Trd, 863697.284, 98
Trd, 863697.318, 98
Trd, 863697.884, 96
Trd, 863698.734, 89
Trd, 863698.751, 82
Trd, 863698.834, 98
Trd, 863699.434, 80
Trd, 863699.634, 105
Trd, 863700.084, 105
Trd, 863700.884, 102
Trd, 863701.218, 102
Trd, 863701.518, 98
Trd, 863702.001, 95
Trd, 863702.751, 105
Trd, 863702.818, 105
Trd, 863703.218, 106
Trd, 863703.734, 104
Trd, 863703.918, 104
Trd, 863704.068, 106
Trd, 863704.968, 101
Trd, 863705.401, 105
Trd, 863705.734, 107
Trd, 863706.334, 108
Trd, 863706.368, 84
Trd, 863706.484, 108
Trd, 863707.201, 106
Trd, 863707.868, 89
Trd, 863707.918, 94
Trd, 863708.184, 85
Trd, 863708.518, 112
Trd, 863708.601, 114
Trd, 863709.251, 109
Trd, 863709.518, 109
Trd, 863709.568, 104
Trd, 863709.951, 103
Trd, 863710.284, 95
Trd, 863710.334, 84
Trd, 863710.351, 116
Trd, 863711.718, 99
Trd, 863712.084, 109
Trd, 863712.568, 108
Trd, 863712.751, 116
Trd, 863712.884, 116
Trd, 863713.134, 92
Trd, 863714.318, 105
Trd, 863714.984, 106
Trd, 863715.284, 107
Trd, 863716.284, 98
Trd, 863717.151, 104
Trd, 863717.234, 105
Trd, 863718.334, 101
Trd, 863718.634, 104
Trd, 863718.684, 101
Trd, 863718.851, 100
Trd, 863719.118, 100
Trd, 863719.418, 105
Trd, 863719.618, 113
Trd, 863720.234, 108
Trd, 863720.668, 115
Trd, 863721.051, 95
Trd, 863721.268, 84
Trd, 863721.934, 97
Trd, 863722.518, 98
Trd, 863723.001, 87
Trd, 863723.084, 86
Trd, 863723.918, 103
Trd, 863724.118, 88
Trd, 863724.218, 103
Trd, 863724.334, 97
Trd, 863724.351, 106
Trd, 863725.334, 109
Trd, 863726.051, 108
Trd, 863726.118, 100
Trd, 863726.151, 94
Trd, 863726.818, 104
Trd, 863727.718, 108
Trd, 863728.034, 112
Trd, 863728.484, 107
Trd, 863729.351, 107
Trd, 863729.518, 109
Trd, 863729.618, 112
Trd, 863730.218, 115
Trd, 863730.401, 106
Trd, 863730.884, 102
Trd, 863731.868, 111
Trd, 863731.901, 98
Trd, 863731.951, 96
Trd, 863732.168, 91
Trd, 863732.184, 114
Trd, 863732.901, 93
Trd, 863732.951, 88
Trd, 863733.351, 110
Trd, 863733.568, 117
Trd, 863734.218, 108
Trd, 863734.684, 107
Trd, 863734.701, 108
Trd, 863734.768, 107
Trd, 863734.784, 110
Trd, 863735.651, 110
Trd, 863736.084, 109
Trd, 863737.001, 109
Trd, 863737.051, 107
Trd, 863737.584, 108
Trd, 863737.768, 106
Trd, 863737.868, 109
Trd, 863738.051, 106
Trd, 863738.184, 104
Trd, 863738.301, 119
Trd, 863739.051, 107
Trd, 863739.284, 106
Trd, 863739.351, 112
Trd, 863739.484, 95
Trd, 863739.701, 110
Trd, 863739.818, 93
Trd, 863740.051, 75
Trd, 863740.301, 115
Trd, 863740.318, 84
Trd, 863740.668, 85
Trd, 863740.868, 111
Trd, 863742.018, 93
Trd, 863742.851, 94
Trd, 863742.968, 95
Trd, 863743.218, 111
Trd, 863744.118, 109
Trd, 863744.234, 110
Trd, 863745.168, 105
Trd, 863745.918, 104
Trd, 863746.484, 106
Trd, 863746.618, 90
Trd, 863746.734, 101
Trd, 863747.068, 106
Trd, 863748.068, 110
Trd, 863748.151, 106
Trd, 863748.601, 97
Trd, 863748.768, 84
Trd, 863749.184, 110
Trd, 863749.551, 110
Trd, 863750.534, 109
Trd, 863750.551, 109
Trd, 863750.784, 112
Trd, 863751.484, 109
Trd, 863752.034, 108
Trd, 863752.118, 100
Trd, 863752.184, 98
Trd, 863752.468, 109
Trd, 863752.784, 104
Trd, 863753.751, 104
Trd, 863754.401, 114
Trd, 863754.901, 104
Trd, 863755.168, 109
Trd, 863755.251, 112
Trd, 863755.601, 109
Trd, 863756.518, 96
Trd, 863757.084, 113
Trd, 863757.184, 106
Trd, 863757.851, 109
Trd, 863758.151, 116
Trd, 863758.318, 117
Trd, 863758.534, 109
Trd, 863758.584, 107
Trd, 863758.784, 106
Trd, 863759.268, 105
Trd, 863760.001, 109
Trd, 863760.668, 107
Trd, 863761.501, 106
Trd, 863761.534, 101
Trd, 863761.651, 95
Trd, 863762.534, 84
Trd, 863763.068, 84
Trd, 863763.451, 109
Trd, 863763.534, 111
Trd, 863764.484, 109
Trd, 863764.668, 111
Trd, 863764.751, 97
Trd, 863765.151, 107
Trd, 863765.468, 104
Trd, 863766.418, 113
Trd, 863767.168, 97
Trd, 863767.634, 114
Trd, 863767.651, 97
Trd, 863767.768, 90
Trd, 863767.801, 117
Trd, 863767.968, 123
Trd, 863768.784, 108
Trd, 863768.818, 86
Trd, 863768.951, 109
Trd, 863769.268, 109
Trd, 863769.618, 94
Trd, 863770.068, 85
Trd, 863771.484, 100
Trd, 863771.668, 97
Trd, 863772.068, 104
Trd, 863772.234, 104
Trd, 863772.468, 102
Trd, 863772.718, 105
Trd, 863772.951, 101
Trd, 863773.051, 106
Trd, 863773.451, 103
Trd, 863773.734, 95
Trd, 863773.984, 110
Trd, 863774.534, 87
Trd, 863775.101, 84
Trd, 863775.418, 89
Trd, 863775.901, 104
Trd, 863776.384, 110
Trd, 863776.884, 103
Trd, 863777.101, 103
Trd, 863777.768, 108
Trd, 863777.934, 118
Trd, 863778.518, 109
Trd, 863779.001, 119
Trd, 863779.301, 120
Trd, 863779.334, 104
Trd, 863779.434, 95
Trd, 863779.718, 95
Trd, 863780.201, 93
Trd, 863780.584, 96
Trd, 863781.284, 87
Trd, 863781.351, 84
Trd, 863781.618, 113
Trd, 863781.751, 83
Trd, 863782.618, 100
Trd, 863782.718, 103
Trd, 863782.934, 104
Trd, 863783.184, 105
Trd, 863783.734, 93
Trd, 863784.684, 108
Trd, 863784.784, 106
Trd, 863785.484, 109
Trd, 863785.568, 101
Trd, 863786.884, 113
Trd, 863786.968, 113
Trd, 863787.268, 114
Trd, 863787.334, 110
Trd, 863787.651, 115
Trd, 863788.218, 108
Trd, 863788.468, 105
Trd, 863788.934, 111
Trd, 863789.118, 106
Trd, 863789.234, 100
Trd, 863789.468, 97
Trd, 863789.768, 95
Trd, 863789.918, 108
Trd, 863790.334, 100
Trd, 863791.484, 114
Trd, 863791.684, 105
Trd, 863792.518, 114
Trd, 863792.584, 102
Trd, 863792.884, 115
Trd, 863793.001, 117
Trd, 863793.551, 91
Trd, 863793.618, 87
Trd, 863793.784, 110
Trd, 863794.268, 111
Trd, 863794.584, 107
Trd, 863794.951, 104
Trd, 863796.034, 108
Trd, 863796.168, 109
Trd, 863796.551, 106
Trd, 863797.068, 107
Trd, 863797.184, 106
Trd, 863798.234, 104
Trd, 863798.451, 98
Trd, 863798.618, 106
Trd, 863798.651, 96
Trd, 863799.001, 95
Trd, 863799.168, 107
Trd, 863799.484, 110
Trd, 863799.768, 87
Trd, 863800.551, 97
Trd, 863801.234, 99
Trd, 863801.334, 115
Trd, 863801.934, 102
Trd, 863802.018, 116
Trd, 863802.818, 107
Trd, 863803.001, 106
Trd, 863803.268, 109
Trd, 863803.284, 117
Trd, 863803.368, 106
Trd, 863803.701, 84
Trd, 863804.301, 96
Trd, 863804.901, 88
Trd, 863805.184, 87
Trd, 863805.484, 93
Trd, 863805.718, 98
Trd, 863806.268, 96
Trd, 863806.434, 112
Trd, 863807.068, 110
Trd, 863807.834, 110
Trd, 863808.518, 106
Trd, 863808.851, 99
Trd, 863808.934, 111
Trd, 863809.584, 113
Trd, 863809.718, 108
Trd, 863810.051, 97
Trd, 863810.601, 106
Trd, 863810.651, 112
Trd, 863810.834, 114
Trd, 863811.518, 113
Trd, 863811.818, 109
Trd, 863812.501, 100
Trd, 863812.518, 99
Trd, 863812.568, 89
Trd, 863813.368, 108
Trd, 863813.401, 91
Trd, 863813.768, 120
Trd, 863814.001, 119
Trd, 863814.251, 126
Trd, 863815.218, 108
Trd, 863815.568, 108
Trd, 863815.784, 107
Trd, 863816.101, 106
Trd, 863816.284, 102
Trd, 863816.351, 91
Trd, 863816.851, 83
Trd, 863817.184, 100
Trd, 863817.318, 101
Trd, 863818.068, 103
Trd, 863818.451, 89
Trd, 863818.568, 86
Trd, 863818.734, 104
Trd, 863819.434, 104
Trd, 863819.918, 105
Trd, 863820.218, 106
Trd, 863821.118, 109
Trd, 863821.268, 112
Trd, 863821.801, 110
Trd, 863822.168, 109
Trd, 863822.218, 112
Trd, 863822.268, 117
Trd, 863823.118, 110
Trd, 863823.268, 105
Trd, 863823.451, 103
Trd, 863824.168, 115
Trd, 863824.734, 109
Trd, 863824.834, 106
Trd, 863825.784, 108
Trd, 863826.151, 107
Trd, 863826.501, 106
Trd, 863826.601, 107
Trd, 863826.651, 101
Trd, 863826.968, 109
Trd, 863827.251, 95
Trd, 863827.434, 111
Trd, 863828.834, 95
Trd, 863828.901, 111
Trd, 863829.684, 111
Trd, 863829.884, 113
Trd, 863830.001, 104
Trd, 863830.284, 104
Trd, 863830.368, 93
Trd, 863830.501, 84
Trd, 863830.601, 88
Trd, 863830.818, 112
Trd, 863831.101, 110
Trd, 863832.584, 107
Trd, 863832.768, 111
Trd, 863833.018, 106
Trd, 863833.134, 104
Trd, 863833.451, 97
Trd, 863834.201, 97
Trd, 863834.418, 95
Trd, 863834.651, 93
Trd, 863834.834, 104
Trd, 863834.868, 105
Trd, 863836.318, 95
Trd, 863836.418, 82
Trd, 863837.318, 86
Trd, 863837.368, 92
Trd, 863838.401, 104
Trd, 863838.568, 96
Trd, 863838.768, 104
Trd, 863838.818, 104
Trd, 863838.834, 105
Trd, 863839.318, 106
Trd, 863839.584, 101
Trd, 863840.401, 109
Trd, 863840.618, 99
Trd, 863840.801, 98
Trd, 863841.318, 98
Trd, 863841.551, 113
Trd, 863842.218, 115
Trd, 863842.518, 115
Trd, 863842.551, 112
Trd, 863843.284, 115
Trd, 863843.534, 104
Trd, 863843.568, 98
Trd, 863843.884, 98
Trd, 863844.018, 101
Trd, 863845.701, 101
Trd, 863845.934, 103
Trd, 863847.001, 97
Trd, 863848.434, 95
Trd, 863848.734, 95
Trd, 863848.751, 100
Trd, 863848.784, 91
Trd, 863848.801, 84
Trd, 863848.868, 100
Trd, 863849.034, 82
Trd, 863849.701, 100
Trd, 863849.734, 104
Trd, 863850.651, 92
Trd, 863850.818, 91
Trd, 863851.034, 106
Trd, 863851.468, 104
Trd, 863851.834, 99
Trd, 863852.101, 98
Trd, 863852.268, 111
Trd, 863852.501, 92
Trd, 863852.868, 111
Trd, 863853.334, 103
Trd, 863853.418, 103
Trd, 863854.718, 108
Trd, 863854.918, 109
Trd, 863855.184, 112
Trd, 863855.301, 88
Trd, 863855.384, 87
Trd, 863855.518, 106
Trd, 863855.651, 86
Trd, 863855.818, 85
Trd, 863856.818, 107
Trd, 863857.101, 108
Trd, 863857.151, 109
Trd, 863857.484, 107
Trd, 863857.584, 105
Trd, 863857.984, 109
Trd, 863858.051, 108
Trd, 863858.484, 114
Trd, 863858.884, 104
Trd, 863859.768, 106
Trd, 863860.134, 109
Trd, 863860.401, 106
Trd, 863860.618, 113
Trd, 863861.234, 115
Trd, 863861.601, 110
Trd, 863862.068, 109
Trd, 863862.618, 106
Trd, 863863.418, 106
Trd, 863863.451, 104
Trd, 863863.984, 95
Trd, 863864.018, 107
Trd, 863864.218, 109
Trd, 863864.601, 109
Trd, 863865.151, 114
Trd, 863865.334, 83
Trd, 863865.368, 87
Trd, 863865.501, 115
Trd, 863865.818, 82
Trd, 863866.268, 119
Trd, 863866.584, 115
Trd, 863867.001, 111
Trd, 863867.884, 104
Trd, 863868.451, 110
Trd, 863868.634, 111
Trd, 863868.701, 112
Trd, 863869.518, 109
Trd, 863869.601, 106
Trd, 863869.818, 105
Trd, 863870.301, 93
Trd, 863870.434, 92
Trd, 863871.551, 106
Trd, 863871.734, 104
Trd, 863871.884, 109
Trd, 863872.618, 106
Trd, 863872.668, 104
Trd, 863872.751, 108
Trd, 863873.584, 84
Trd, 863873.951, 107
Trd, 863874.001, 106
Trd, 863874.284, 79
Trd, 863874.551, 101
Trd, 863874.984, 108
Trd, 863875.601, 94
Trd, 863875.784, 112
Trd, 863876.201, 85
Trd, 863876.234, 78
Trd, 863876.818, 111
Trd, 863876.851, 91
Trd, 863877.034, 91
Trd, 863877.484, 109
Trd, 863877.834, 111
Trd, 863878.034, 82
Trd, 863878.534, 112
Trd, 863879.734, 91
Trd, 863879.934, 95
Trd, 863880.034, 90
Trd, 863880.384, 86
Trd, 863881.218, 106
Trd, 863881.601, 95
Trd, 863881.951, 110
Trd, 863882.034, 94
Trd, 863882.684, 109
Trd, 863882.918, 107
Trd, 863883.201, 91
Trd, 863883.268, 109
Trd, 863883.434, 110
Trd, 863884.318, 114
Trd, 863884.451, 120
Trd, 863884.834, 110
Trd, 863885.034, 105
Trd, 863885.818, 111
Trd, 863886.651, 87
Trd, 863886.984, 115
Trd, 863887.034, 109
Trd, 863887.334, 116
Trd, 863888.701, 103
Trd, 863889.268, 114
Trd, 863889.334, 115
Trd, 863889.584, 95
Trd, 863889.901, 115
Trd, 863890.101, 97
Trd, 863890.718, 104
Trd, 863890.768, 110
Trd, 863891.201, 103
Trd, 863891.418, 95
Trd, 863892.251, 106
Trd, 863892.468, 108
Trd, 863892.518, 98
Trd, 863892.834, 98
Trd, 863892.984, 98
Trd, 863893.401, 108
Trd, 863894.134, 107
Trd, 863894.618, 106
Trd, 863895.301, 106
Trd, 863895.368, 113
Trd, 863895.901, 105
Trd, 863895.918, 110
Trd, 863895.951, 104
Trd, 863896.934, 119
Trd, 863897.201, 96
Trd, 863898.318, 105
Trd, 863898.518, 99
Trd, 863899.151, 101
Trd, 863899.484, 100
Trd, 863899.534, 101
Trd, 863899.634, 102
Trd, 863899.718, 100
Trd, 863900.468, 103
Trd, 863900.684, 95
Trd, 863900.934, 104
Trd, 863902.101, 86
Trd, 863902.901, 99
Trd, 863903.301, 101
Trd, 863903.501, 98
Trd, 863903.568, 102
Trd, 863903.734, 84
Trd, 863904.351, 104
Trd, 863904.884, 106
Trd, 863904.901, 115
Trd, 863904.934, 84
Trd, 863905.118, 119
Trd, 863905.184, 83
Trd, 863906.534, 105
Trd, 863906.734, 116
Trd, 863907.134, 98
Trd, 863908.568, 106
Trd, 863908.601, 96
Trd, 863908.618, 95
Trd, 863908.718, 92
Trd, 863909.218, 89
Trd, 863909.534, 93
Trd, 863909.734, 88
Trd, 863910.051, 104
Trd, 863910.284, 86
Trd, 863910.884, 103
Trd, 863910.951, 105
Trd, 863911.234, 87
Trd, 863911.351, 106
Trd, 863911.468, 115
Trd, 863911.851, 105
Trd, 863912.401, 115
Trd, 863913.001, 111
Trd, 863913.868, 112
Trd, 863914.068, 118
Trd, 863914.234, 111
Trd, 863914.751, 109
Trd, 863914.834, 104
Trd, 863915.251, 96
Trd, 863915.501, 98
Trd, 863915.851, 105
Trd, 863916.234, 96
Trd, 863916.718, 97
Trd, 863917.101, 106
Trd, 863917.351, 105
Trd, 863917.368, 106
Trd, 863918.418, 106
Trd, 863918.534, 106
Trd, 863919.251, 96
Trd, 863919.384, 96
Trd, 863919.501, 95
Trd, 863920.718, 83
Trd, 863920.784, 103
Trd, 863921.051, 104
Trd, 863921.601, 95
Trd, 863921.884, 108
Trd, 863922.618, 95
Trd, 863923.051, 90
Trd, 863923.168, 95
Trd, 863923.568, 96
Trd, 863924.401, 103
Trd, 863924.684, 97
Trd, 863924.734, 105
Trd, 863925.118, 96
Trd, 863925.334, 106
Trd, 863926.184, 97
Trd, 863926.668, 115
Trd, 863926.701, 97
Trd, 863927.218, 90
Trd, 863927.584, 105
Trd, 863927.668, 113
Trd, 863928.218, 115
Trd, 863928.318, 112
Trd, 863928.368, 113
Trd, 863928.801, 103
Trd, 863929.251, 88
Trd, 863929.584, 93
Trd, 863929.734, 88
Trd, 863929.851, 105
Trd, 863930.334, 108
Trd, 863930.734, 101
Trd, 863930.868, 98
Trd, 863931.651, 109
Trd, 863931.668, 100
Trd, 863931.718, 98
Trd, 863932.984, 111
Trd, 863933.768, 97
Trd, 863933.818, 112
Trd, 863934.384, 111
Trd, 863934.551, 88
Trd, 863935.568, 89
Trd, 863935.634, 95
Trd, 863935.984, 89
Trd, 863936.251, 98
Trd, 863936.534, 101
Trd, 863936.584, 92
Trd, 863936.601, 89
Trd, 863937.018, 108
Trd, 863937.334, 92
Trd, 863937.651, 114
Trd, 863938.768, 94
Trd, 863939.684, 95
Trd, 863939.701, 95
Trd, 863940.084, 93
Trd, 863941.251, 98
Trd, 863942.034, 97
Trd, 863942.084, 96
Trd, 863942.251, 96
Trd, 863942.451, 102
Trd, 863942.834, 104
Trd, 863942.918, 106
Trd, 863944.051, 95
Trd, 863944.168, 111
Trd, 863944.901, 106
Trd, 863945.068, 104
Trd, 863945.268, 112
Trd, 863946.018, 100
Trd, 863946.084, 95
Trd, 863946.284, 112
Trd, 863946.501, 106
Trd, 863946.934, 106
Trd, 863947.401, 95
Trd, 863947.484, 85
Trd, 863948.201, 94
Trd, 863948.318, 104
Trd, 863949.001, 108
Trd, 863949.218, 110
Trd, 863950.434, 96
Trd, 863950.601, 106
Trd, 863950.618, 94
Trd, 863950.884, 106
Trd, 863951.151, 95
Trd, 863951.618, 105
Trd, 863951.634, 107
Trd, 863951.834, 94
Trd, 863952.034, 125
Trd, 863952.118, 114
Trd, 863953.251, 92
Trd, 863953.351, 114
Trd, 863953.534, 92
Trd, 863954.134, 107
Trd, 863954.168, 95
Trd, 863954.684, 114
Trd, 863955.101, 93
Trd, 863955.318, 84
Trd, 863955.401, 82
Trd, 863956.468, 108
Trd, 863956.884, 107
Trd, 863957.001, 108
Trd, 863957.268, 104
Trd, 863957.368, 106
Trd, 863957.451, 108
Trd, 863957.634, 108
Trd, 863958.001, 116
Trd, 863958.634, 102
Trd, 863959.751, 112
Trd, 863959.951, 96
Trd, 863961.151, 109
Trd, 863961.168, 109
Trd, 863961.201, 106
Trd, 863961.618, 109
Trd, 863962.018, 99
Trd, 863962.334, 95
Trd, 863962.418, 91
Trd, 863962.668, 97
Trd, 863962.818, 98
Trd, 863963.018, 102
Trd, 863963.251, 104
Trd, 863963.268, 91
Trd, 863964.668, 106
Trd, 863964.718, 93
Trd, 863964.751, 115
Trd, 863965.184, 104
Trd, 863965.534, 86
Trd, 863966.401, 112
Trd, 863966.484, 124
Trd, 863966.501, 112
Trd, 863967.084, 111
Trd, 863967.434, 117
Trd, 863967.551, 106
Trd, 863967.618, 119
Trd, 863967.834, 95
Trd, 863967.984, 84
Trd, 863968.451, 84
Trd, 863968.984, 119
Trd, 863969.184, 119
Trd, 863969.918, 92
Trd, 863970.868, 110
Trd, 863970.918, 117
Trd, 863971.868, 111
Trd, 863971.951, 113
Trd, 863972.268, 108
Trd, 863972.318, 104
Trd, 863972.518, 95
Trd, 863972.801, 110
Trd, 863973.518, 110
Trd, 863973.618, 111
Trd, 863973.934, 86
Trd, 863974.001, 83
Trd, 863974.034, 95
Trd, 863974.051, 96
Trd, 863974.384, 116
Trd, 863974.734, 109
Trd, 863975.251, 110
Trd, 863975.468, 95
Trd, 863975.851, 96
Trd, 863975.951, 116
Trd, 863976.251, 106
Trd, 863976.351, 101
Trd, 863976.868, 95
Trd, 863977.218, 104
Trd, 863977.684, 115
Trd, 863978.384, 94
Trd, 863978.884, 87
Trd, 863979.101, 93
Trd, 863979.434, 84
Trd, 863979.451, 84
Trd, 863979.551, 95
Trd, 863979.934, 98
Trd, 863981.018, 106
Trd, 863981.184, 106
Trd, 863981.668, 109
Trd, 863981.701, 113
Trd, 863982.151, 109
Trd, 863982.301, 108
Trd, 863983.068, 111
Trd, 863983.318, 108
Trd, 863984.068, 114
Trd, 863984.201, 113
Trd, 863984.384, 116
Trd, 863984.468, 106
Trd, 863985.901, 113
Trd, 863986.318, 109
Trd, 863986.384, 109
Trd, 863986.551, 123
Trd, 863986.584, 108
Trd, 863988.518, 107
Trd, 863988.751, 110
Trd, 863989.284, 104
Trd, 863989.551, 104
Trd, 863990.284, 118
Trd, 863990.518, 113
Trd, 863990.601, 104
Trd, 863990.801, 119
Trd, 863991.268, 109
Trd, 863991.418, 109
Trd, 863991.701, 98
Trd, 863992.568, 98
Trd, 863992.618, 104
Trd, 863992.784, 103
Trd, 863992.851, 96
Trd, 863993.118, 95
Trd, 863993.918, 103
Trd, 863994.484, 94
Trd, 863994.584, 97
Trd, 863994.834, 104
Trd, 863995.318, 114
Trd, 863995.718, 115
Trd, 863995.734, 120
Trd, 863997.001, 109
Trd, 863997.834, 108
Trd, 863997.934, 101
Trd, 863998.084, 109
Trd, 863998.284, 115
Trd, 863998.384, 102
Trd, 863998.401, 101
Trd, 863998.618, 95
Trd, 863999.601, 94
Trd, 863999.701, 112
