Trd, 863310.418, 110
Trd, 863310.768, 112
Trd, 863310.951, 93
Trd, 863311.168, 101
Trd, 863311.434, 107
Trd, 863311.951, 101
Trd, 863312.101, 100
Trd, 863312.918, 100
Trd, 863313.151, 100
Trd, 863313.618, 100
Trd, 863313.634, 99
Trd, 863314.584, 87
Trd, 863314.734, 83
Trd, 863315.368, 96
Trd, 863316.968, 90
Trd, 863317.034, 89
Trd, 863317.084, 91
Trd, 863317.151, 88
Trd, 863317.468, 89
Trd, 863317.968, 91
Trd, 863318.068, 93
Trd, 863318.118, 99
Trd, 863318.334, 103
Trd, 863319.018, 89
Trd, 863319.768, 103
Trd, 863319.884, 104
Trd, 863320.218, 97
Trd, 863320.301, 107
Trd, 863320.668, 106
Trd, 863321.051, 98
Trd, 863321.951, 95
Trd, 863322.118, 99
Trd, 863322.568, 97
Trd, 863323.651, 99
Trd, 863323.668, 100
Trd, 863323.701, 98
Trd, 863324.784, 96
Trd, 863325.084, 96
Trd, 863325.551, 95
Trd, 863325.584, 92
Trd, 863326.718, 87
Trd, 863326.868, 84
Trd, 863326.918, 94
Trd, 863327.151, 93
Trd, 863327.501, 84
Trd, 863327.651, 92
Trd, 863327.768, 94
Trd, 863328.868, 88
Trd, 863329.384, 99
Trd, 863329.851, 101
Trd, 863330.218, 86
Trd, 863330.384, 99
Trd, 863330.818, 101
Trd, 863331.884, 104
Trd, 863332.218, 102
Trd, 863332.784, 101
Trd, 863332.834, 99
Trd, 863333.251, 101
Trd, 863333.484, 102
Trd, 863333.718, 99
Trd, 863334.084, 98
Trd, 863334.668, 93
Trd, 863334.901, 100
Trd, 863335.051, 100
Trd, 863335.234, 89
Trd, 863335.901, 102
Trd, 863336.368, 102
Trd, 863336.384, 91
Trd, 863336.834, 86
Trd, 863337.768, 103
Trd, 863337.801, 104
Trd, 863339.084, 103
Trd, 863339.101, 104
Trd, 863339.501, 100
Trd, 863339.668, 109
Trd, 863340.301, 107
Trd, 863340.468, 101
Trd, 863340.884, 98
Trd, 863340.984, 94
Trd, 863341.584, 96
Trd, 863342.468, 99
Trd, 863343.051, 98
Trd, 863343.184, 98
Trd, 863343.651, 101
Trd, 863343.901, 94
Trd, 863344.301, 100
Trd, 863344.368, 97
Trd, 863345.134, 96
Trd, 863345.218, 100
Trd, 863345.718, 101
Trd, 863346.501, 98
Trd, 863346.834, 101
Trd, 863347.084, 96
Trd, 863347.451, 97
Trd, 863347.618, 95
Trd, 863349.084, 95
Trd, 863349.118, 96
Trd, 863349.318, 94
Trd, 863349.734, 96
Trd, 863350.268, 94
Trd, 863350.334, 95
Trd, 863350.518, 93
Trd, 863350.601, 87
Trd, 863351.368, 93
Trd, 863351.884, 91
Trd, 863351.934, 90
Trd, 863352.368, 90
Trd, 863352.718, 91
Trd, 863352.934, 98
Trd, 863353.551, 101
Trd, 863353.884, 98
Trd, 863354.318, 101
Trd, 863354.784, 103
Trd, 863355.151, 101
Trd, 863355.418, 101
Trd, 863355.634, 102
Trd, 863355.751, 101
Trd, 863356.484, 101
Trd, 863356.534, 98
Trd, 863356.901, 100
Trd, 863357.468, 99
Trd, 863357.568, 100
Trd, 863358.434, 98
Trd, 863358.634, 95
Trd, 863359.868, 98
Trd, 863360.301, 98
Trd, 863360.418, 104
Trd, 863360.568, 104
Trd, 863361.018, 105
Trd, 863361.118, 99
Trd, 863361.834, 93
Trd, 863362.101, 104
Trd, 863362.584, 103
Trd, 863362.634, 104
Trd, 863362.834, 90
Trd, 863363.251, 104
Trd, 863363.301, 103
Trd, 863363.784, 103
Trd, 863363.851, 102
Trd, 863364.851, 95
Trd, 863365.201, 101
Trd, 863365.234, 104
Trd, 863366.268, 100
Trd, 863366.334, 101
Trd, 863366.534, 99
Trd, 863366.701, 96
Trd, 863367.501, 104
Trd, 863367.784, 112
Trd, 863367.801, 95
Trd, 863368.201, 108
Trd, 863368.651, 110
Trd, 863369.684, 97
Trd, 863369.968, 105
Trd, 863370.568, 96
Trd, 863370.718, 87
Trd, 863370.801, 102
Trd, 863370.984, 103
Trd, 863372.918, 101
Trd, 863373.051, 100
Trd, 863373.101, 103
Trd, 863373.668, 100
Trd, 863374.084, 100
Trd, 863374.418, 101
Trd, 863374.618, 104
Trd, 863374.884, 101
Trd, 863375.151, 99
Trd, 863375.584, 102
Trd, 863375.968, 99
Trd, 863377.068, 102
Trd, 863377.734, 100
Trd, 863377.984, 99
Trd, 863378.351, 98
Trd, 863378.818, 96
Trd, 863379.034, 95
Trd, 863379.068, 90
Trd, 863379.684, 97
Trd, 863379.834, 98
Trd, 863379.868, 104
Trd, 863380.684, 110
Trd, 863381.051, 96
Trd, 863381.651, 101
Trd, 863381.801, 93
Trd, 863382.001, 95
Trd, 863382.551, 90
Trd, 863383.201, 98
Trd, 863383.784, 89
Trd, 863384.018, 97
Trd, 863384.784, 96
Trd, 863384.801, 92
Trd, 863385.468, 92
Trd, 863385.501, 93
Trd, 863385.801, 94
Trd, 863385.851, 95
Trd, 863386.001, 97
Trd, 863386.368, 90
Trd, 863386.551, 87
Trd, 863387.418, 98
Trd, 863388.801, 98
Trd, 863388.984, 99
Trd, 863389.351, 100
Trd, 863389.434, 101
Trd, 863390.284, 99
Trd, 863390.684, 98
Trd, 863391.451, 97
Trd, 863391.484, 98
Trd, 863391.968, 100
Trd, 863392.068, 100
Trd, 863392.401, 104
Trd, 863392.568, 97
Trd, 863392.868, 94
Trd, 863393.651, 103
Trd, 863394.351, 102
Trd, 863394.551, 103
Trd, 863394.634, 100
Trd, 863394.668, 98
Trd, 863395.268, 106
Trd, 863396.101, 106
Trd, 863396.168, 109
Trd, 863396.368, 95
Trd, 863396.434, 94
Trd, 863397.368, 99
Trd, 863397.801, 99
Trd, 863398.001, 98
Trd, 863398.018, 101
Trd, 863398.601, 101
Trd, 863399.268, 101
Trd, 863399.534, 102
Trd, 863399.918, 98
Trd, 863399.984, 93
Trd, 863400.151, 88
Trd, 863400.268, 103
Trd, 863400.484, 104
Trd, 863401.384, 89
Trd, 863401.601, 89
Trd, 863402.051, 86
Trd, 863402.134, 96
Trd, 863403.134, 112
Trd, 863404.084, 107
Trd, 863404.468, 107
Trd, 863404.734, 108
Trd, 863404.884, 108
Trd, 863405.101, 109
Trd, 863405.168, 109
Trd, 863405.518, 112
Trd, 863405.768, 106
Trd, 863406.301, 99
Trd, 863406.684, 100
Trd, 863406.968, 98
Trd, 863407.351, 98
Trd, 863408.084, 98
Trd, 863408.101, 97
Trd, 863408.501, 93
Trd, 863408.518, 88
Trd, 863409.134, 96
Trd, 863409.534, 94
Trd, 863410.151, 94
Trd, 863410.551, 95
Trd, 863410.851, 95
Trd, 863410.968, 95
Trd, 863410.984, 97
Trd, 863411.251, 96
Trd, 863411.934, 87
Trd, 863412.051, 95
Trd, 863412.318, 84
Trd, 863412.601, 93
Trd, 863413.084, 100
Trd, 863413.151, 101
Trd, 863413.434, 92
Trd, 863413.668, 102
Trd, 863414.118, 94
Trd, 863414.251, 94
Trd, 863414.801, 92
Trd, 863415.001, 104
Trd, 863415.051, 107
Trd, 863416.751, 108
Trd, 863417.201, 103
Trd, 863417.351, 102
Trd, 863417.668, 103
Trd, 863418.418, 101
Trd, 863418.501, 101
Trd, 863418.784, 101
Trd, 863418.951, 102
Trd, 863419.068, 100
Trd, 863419.334, 99
Trd, 863419.651, 99
Trd, 863420.751, 100
Trd, 863421.034, 100
Trd, 863421.218, 106
Trd, 863421.301, 99
Trd, 863422.468, 103
Trd, 863422.601, 103
Trd, 863423.101, 94
Trd, 863423.751, 94
Trd, 863424.134, 95
Trd, 863424.151, 93
Trd, 863425.034, 91
Trd, 863425.418, 88
Trd, 863425.718, 90
Trd, 863426.484, 88
Trd, 863426.668, 87
Trd, 863426.918, 89
Trd, 863427.618, 88
Trd, 863427.884, 88
Trd, 863427.968, 91
Trd, 863427.984, 93
Trd, 863428.218, 99
Trd, 863428.401, 102
Trd, 863428.934, 92
Trd, 863430.284, 101
Trd, 863430.734, 104
Trd, 863431.118, 111
Trd, 863431.534, 103
Trd, 863432.284, 108
Trd, 863432.618, 104
Trd, 863432.768, 103
Trd, 863432.951, 101
Trd, 863433.084, 103
Trd, 863433.351, 101
Trd, 863433.701, 100
Trd, 863433.968, 100
Trd, 863434.434, 101
Trd, 863434.884, 109
Trd, 863436.468, 104
Trd, 863436.701, 105
Trd, 863436.851, 103
Trd, 863437.118, 102
Trd, 863437.334, 103
Trd, 863437.384, 104
Trd, 863438.568, 103
Trd, 863438.984, 95
Trd, 863439.151, 102
Trd, 863439.418, 102
Trd, 863439.468, 96
Trd, 863439.601, 93
Trd, 863439.818, 104
Trd, 863440.118, 93
Trd, 863440.684, 91
Trd, 863441.751, 108
Trd, 863442.051, 94
Trd, 863442.301, 94
Trd, 863442.368, 95
Trd, 863442.451, 109
Trd, 863442.518, 93
Trd, 863442.884, 106
Trd, 863443.734, 107
Trd, 863444.468, 100
Trd, 863444.551, 104
Trd, 863444.884, 94
Trd, 863444.901, 103
Trd, 863445.484, 103
Trd, 863446.634, 99
Trd, 863446.734, 93
Trd, 863447.568, 91
Trd, 863448.018, 103
Trd, 863448.151, 105
Trd, 863448.434, 104
Trd, 863448.451, 105
Trd, 863448.668, 103
Trd, 863449.584, 99
Trd, 863450.034, 99
Trd, 863450.134, 98
Trd, 863450.601, 98
Trd, 863451.101, 97
Trd, 863452.318, 95
Trd, 863452.784, 95
Trd, 863453.234, 94
Trd, 863453.551, 94
Trd, 863453.684, 95
Trd, 863453.868, 90
Trd, 863454.001, 96
Trd, 863454.218, 94
Trd, 863454.268, 95
Trd, 863454.501, 104
Trd, 863454.801, 101
Trd, 863456.518, 104
Trd, 863456.534, 103
Trd, 863457.101, 102
Trd, 863457.334, 103
Trd, 863457.384, 106
Trd, 863457.534, 106
Trd, 863457.634, 107
Trd, 863458.184, 105
Trd, 863458.551, 104
Trd, 863458.901, 103
Trd, 863458.934, 98
Trd, 863459.051, 98
Trd, 863460.451, 93
Trd, 863460.801, 98
Trd, 863460.868, 99
Trd, 863461.534, 95
Trd, 863461.968, 93
Trd, 863462.401, 92
Trd, 863463.301, 92
Trd, 863463.351, 90
Trd, 863463.451, 93
Trd, 863463.634, 93
Trd, 863463.984, 103
Trd, 863464.301, 96
Trd, 863464.618, 94
Trd, 863465.201, 93
Trd, 863465.718, 96
Trd, 863465.984, 94
Trd, 863466.201, 96
Trd, 863466.318, 97
Trd, 863466.418, 97
Trd, 863467.151, 95
Trd, 863467.734, 97
Trd, 863467.968, 98
Trd, 863468.468, 98
Trd, 863468.851, 104
Trd, 863468.901, 108
Trd, 863469.434, 100
Trd, 863469.618, 97
Trd, 863469.834, 110
Trd, 863472.218, 102
Trd, 863472.584, 102
Trd, 863472.701, 103
Trd, 863472.801, 101
Trd, 863472.851, 104
Trd, 863473.301, 105
Trd, 863473.418, 98
Trd, 863473.651, 94
Trd, 863473.801, 94
Trd, 863474.001, 106
Trd, 863474.068, 93
Trd, 863475.768, 100
Trd, 863476.201, 100
Trd, 863476.301, 96
Trd, 863476.451, 95
Trd, 863476.801, 96
Trd, 863477.251, 87
Trd, 863478.018, 94
Trd, 863478.418, 95
Trd, 863478.801, 96
Trd, 863479.134, 96
Trd, 863479.384, 99
Trd, 863479.551, 96
Trd, 863480.018, 104
Trd, 863480.801, 106
Trd, 863481.001, 109
Trd, 863481.018, 96
Trd, 863481.634, 95
Trd, 863481.934, 98
Trd, 863482.134, 109
Trd, 863482.368, 98
Trd, 863483.601, 100
Trd, 863483.618, 101
Trd, 863484.284, 100
Trd, 863484.718, 99
Trd, 863484.801, 98
Trd, 863485.418, 96
Trd, 863485.551, 93
Trd, 863485.601, 90
Trd, 863486.401, 92
Trd, 863486.834, 94
Trd, 863487.418, 92
Trd, 863487.668, 93
Trd, 863487.684, 91
Trd, 863487.718, 97
Trd, 863488.134, 100
Trd, 863488.718, 100
Trd, 863488.934, 100
Trd, 863489.068, 107
Trd, 863489.168, 99
Trd, 863489.951, 99
Trd, 863489.968, 106
Trd, 863490.401, 102
Trd, 863490.451, 101
Trd, 863490.568, 109
Trd, 863490.951, 100
Trd, 863491.218, 99
Trd, 863491.268, 98
Trd, 863491.801, 98
Trd, 863493.668, 102
Trd, 863493.951, 101
Trd, 863494.351, 104
Trd, 863495.434, 100
Trd, 863495.934, 98
Trd, 863496.201, 102
Trd, 863496.384, 97
Trd, 863496.451, 96
Trd, 863496.568, 102
Trd, 863497.084, 97
Trd, 863497.534, 100
Trd, 863497.701, 100
Trd, 863498.234, 99
Trd, 863498.668, 96
Trd, 863499.034, 96
Trd, 863499.351, 97
Trd, 863500.334, 103
Trd, 863500.368, 104
Trd, 863501.018, 102
Trd, 863501.518, 103
Trd, 863501.668, 103
Trd, 863501.918, 104
Trd, 863502.118, 94
Trd, 863502.268, 92
Trd, 863502.384, 90
Trd, 863502.834, 102
Trd, 863502.968, 104
Trd, 863503.368, 106
Trd, 863503.818, 87
Trd, 863504.118, 109
Trd, 863504.368, 113
Trd, 863504.984, 114
Trd, 863505.034, 118
Trd, 863505.918, 100
Trd, 863506.584, 100
Trd, 863507.551, 101
Trd, 863507.784, 102
Trd, 863507.818, 100
Trd, 863507.884, 101
Trd, 863508.018, 98
Trd, 863508.618, 98
Trd, 863508.801, 95
Trd, 863509.151, 95
Trd, 863509.434, 94
Trd, 863509.718, 94
Trd, 863509.734, 96
Trd, 863510.034, 104
Trd, 863510.118, 107
Trd, 863510.968, 93
Trd, 863511.701, 92
Trd, 863511.984, 102
Trd, 863512.218, 102
Trd, 863512.534, 93
Trd, 863512.868, 101
Trd, 863513.884, 100
Trd, 863514.201, 100
Trd, 863514.618, 99
Trd, 863515.051, 99
Trd, 863515.351, 98
Trd, 863515.418, 101
Trd, 863516.101, 97
Trd, 863516.151, 93
Trd, 863516.951, 91
Trd, 863517.101, 100
Trd, 863517.284, 104
Trd, 863517.584, 106
Trd, 863518.134, 110
Trd, 863518.434, 112
Trd, 863518.468, 103
Trd, 863518.818, 104
Trd, 863519.168, 112
Trd, 863519.618, 98
Trd, 863519.734, 96
Trd, 863520.334, 94
Trd, 863520.584, 92
Trd, 863520.801, 93
Trd, 863521.034, 86
Trd, 863521.301, 92
Trd, 863521.868, 83
Trd, 863522.001, 84
Trd, 863522.018, 94
Trd, 863523.118, 95
Trd, 863523.834, 93
Trd, 863524.101, 92
Trd, 863524.434, 93
Trd, 863524.684, 93
Trd, 863524.834, 93
Trd, 863525.018, 104
Trd, 863525.068, 91
Trd, 863526.651, 98
Trd, 863526.901, 97
Trd, 863527.301, 99
Trd, 863528.201, 97
Trd, 863528.218, 94
Trd, 863528.368, 99
Trd, 863529.018, 93
Trd, 863529.168, 95
Trd, 863529.201, 87
Trd, 863529.618, 95
Trd, 863530.301, 98
Trd, 863530.751, 86
Trd, 863531.768, 94
Trd, 863531.901, 95
Trd, 863532.434, 96
Trd, 863532.718, 96
Trd, 863533.218, 96
Trd, 863533.584, 97
Trd, 863533.668, 92
Trd, 863533.851, 104
Trd, 863534.068, 108
Trd, 863534.234, 113
Trd, 863534.701, 84
Trd, 863535.534, 87
Trd, 863536.001, 96
Trd, 863536.484, 108
Trd, 863536.718, 100
Trd, 863536.834, 92
Trd, 863538.251, 95
Trd, 863538.384, 94
Trd, 863538.534, 89
Trd, 863538.834, 93
Trd, 863539.068, 94
Trd, 863539.451, 94
Trd, 863539.468, 96
Trd, 863539.801, 94
Trd, 863540.168, 102
Trd, 863540.201, 94
Trd, 863540.534, 102
Trd, 863541.134, 96
Trd, 863541.234, 104
Trd, 863541.651, 95
Trd, 863542.101, 102
Trd, 863542.151, 103
Trd, 863544.068, 101
Trd, 863544.434, 102
Trd, 863544.551, 101
Trd, 863544.634, 100
Trd, 863544.934, 104
Trd, 863545.001, 110
Trd, 863545.351, 100
Trd, 863545.851, 104
Trd, 863546.368, 103
Trd, 863546.434, 95
Trd, 863546.968, 94
Trd, 863547.168, 103
Trd, 863547.251, 93
Trd, 863547.551, 103
Trd, 863547.584, 88
Trd, 863548.918, 98
Trd, 863549.151, 97
Trd, 863549.934, 93
Trd, 863550.101, 94
Trd, 863550.584, 94
Trd, 863550.901, 88
Trd, 863550.968, 86
Trd, 863551.084, 94
Trd, 863551.301, 85
Trd, 863551.801, 93
Trd, 863551.884, 93
Trd, 863552.301, 85
Trd, 863552.484, 93
Trd, 863553.184, 87
Trd, 863553.434, 95
Trd, 863553.851, 104
Trd, 863555.318, 90
Trd, 863556.168, 96
Trd, 863556.318, 97
Trd, 863556.634, 98
Trd, 863556.718, 105
Trd, 863556.901, 108
Trd, 863558.301, 104
Trd, 863558.618, 99
Trd, 863558.951, 99
Trd, 863559.551, 98
Trd, 863559.951, 97
Trd, 863560.451, 97
Trd, 863561.134, 93
Trd, 863561.151, 93
Trd, 863561.168, 97
Trd, 863561.651, 99
Trd, 863561.734, 93
Trd, 863562.401, 110
Trd, 863563.351, 94
Trd, 863563.634, 92
Trd, 863563.734, 95
Trd, 863563.984, 104
Trd, 863564.118, 93
Trd, 863564.484, 103
Trd, 863564.618, 93
Trd, 863565.351, 95
Trd, 863565.518, 96
Trd, 863565.884, 102
Trd, 863565.901, 103
Trd, 863566.151, 104
Trd, 863567.201, 103
Trd, 863567.284, 103
Trd, 863567.368, 108
Trd, 863567.734, 103
Trd, 863568.334, 98
Trd, 863570.218, 94
Trd, 863570.268, 93
Trd, 863570.384, 98
Trd, 863571.001, 87
Trd, 863571.151, 84
Trd, 863572.101, 91
Trd, 863572.934, 90
Trd, 863573.284, 89
Trd, 863573.301, 90
Trd, 863573.434, 93
Trd, 863574.234, 103
Trd, 863574.418, 104
Trd, 863574.934, 105
Trd, 863575.234, 105
Trd, 863575.451, 105
Trd, 863575.734, 105
Trd, 863575.901, 92
Trd, 863576.151, 90
Trd, 863576.501, 105
Trd, 863576.551, 91
Trd, 863577.051, 105
Trd, 863577.151, 110
Trd, 863577.201, 111
Trd, 863578.434, 92
Trd, 863578.718, 92
Trd, 863579.268, 93
Trd, 863579.284, 91
Trd, 863579.468, 95
Trd, 863580.268, 89
Trd, 863580.484, 93
Trd, 863580.851, 92
Trd, 863580.868, 93
Trd, 863580.968, 87
Trd, 863581.201, 95
Trd, 863582.418, 104
Trd, 863582.768, 98
Trd, 863583.201, 98
Trd, 863583.218, 103
Trd, 863584.468, 100
Trd, 863585.701, 101
Trd, 863586.201, 101
Trd, 863586.834, 99
Trd, 863586.901, 101
Trd, 863587.334, 104
Trd, 863587.518, 98
Trd, 863587.668, 97
Trd, 863587.701, 92
Trd, 863587.884, 107
Trd, 863588.534, 107
Trd, 863588.984, 101
Trd, 863589.234, 107
Trd, 863589.284, 100
Trd, 863589.418, 108
Trd, 863589.651, 94
Trd, 863591.051, 98
Trd, 863591.301, 100
Trd, 863591.351, 102
Trd, 863592.818, 98
Trd, 863593.101, 99
Trd, 863593.334, 100
Trd, 863593.834, 99
Trd, 863594.068, 100
Trd, 863594.284, 98
Trd, 863594.434, 102
Trd, 863594.718, 86
Trd, 863594.801, 102
Trd, 863595.934, 100
Trd, 863596.184, 95
Trd, 863596.784, 99
Trd, 863597.018, 96
Trd, 863597.334, 95
Trd, 863597.501, 93
Trd, 863597.601, 87
Trd, 863598.168, 92
Trd, 863598.284, 93
Trd, 863599.001, 85
Trd, 863599.084, 90
Trd, 863599.134, 104
Trd, 863599.901, 106
Trd, 863599.951, 110
Trd, 863601.468, 103
Trd, 863601.784, 106
Trd, 863601.968, 96
Trd, 863602.001, 108
Trd, 863602.384, 108
Trd, 863602.801, 114
Trd, 863603.684, 110
Trd, 863604.218, 106
Trd, 863604.751, 106
Trd, 863604.934, 105
Trd, 863604.984, 95
Trd, 863605.184, 106
Trd, 863605.251, 97
Trd, 863605.634, 94
Trd, 863606.568, 92
Trd, 863607.234, 95
Trd, 863607.634, 95
Trd, 863607.701, 96
Trd, 863608.068, 96
Trd, 863608.201, 97
Trd, 863608.384, 97
Trd, 863609.234, 98
Trd, 863609.534, 96
Trd, 863609.934, 95
Trd, 863610.118, 96
Trd, 863610.184, 87
Trd, 863610.218, 104
Trd, 863610.484, 110
Trd, 863610.751, 107
Trd, 863611.484, 94
Trd, 863611.501, 97
Trd, 863612.184, 105
Trd, 863613.551, 102
Trd, 863613.618, 101
Trd, 863613.784, 100
Trd, 863613.934, 97
Trd, 863615.051, 97
Trd, 863615.234, 97
Trd, 863615.384, 94
Trd, 863616.118, 96
Trd, 863616.168, 97
Trd, 863616.201, 95
Trd, 863616.601, 104
Trd, 863617.768, 98
Trd, 863618.234, 100
Trd, 863618.334, 101
Trd, 863618.518, 100
Trd, 863618.968, 100
Trd, 863619.084, 99
Trd, 863619.318, 101
Trd, 863620.618, 95
Trd, 863620.918, 98
Trd, 863621.184, 95
Trd, 863621.218, 97
Trd, 863621.418, 95
Trd, 863621.668, 96
Trd, 863622.801, 94
Trd, 863623.101, 94
Trd, 863623.584, 92
Trd, 863623.668, 88
Trd, 863624.001, 93
Trd, 863624.118, 89
Trd, 863624.518, 103
Trd, 863625.334, 102
Trd, 863625.684, 94
Trd, 863625.868, 105
Trd, 863626.301, 105
Trd, 863626.534, 104
Trd, 863627.068, 99
Trd, 863627.484, 98
Trd, 863627.734, 105
Trd, 863627.818, 106
Trd, 863628.984, 101
Trd, 863629.384, 93
Trd, 863629.634, 97
Trd, 863630.101, 95
Trd, 863630.118, 97
Trd, 863630.251, 98
Trd, 863630.801, 94
Trd, 863631.401, 95
Trd, 863631.718, 96
Trd, 863632.551, 94
Trd, 863633.418, 91
Trd, 863633.634, 99
Trd, 863634.201, 100
Trd, 863634.418, 99
Trd, 863634.884, 94
Trd, 863635.168, 97
Trd, 863635.551, 98
Trd, 863635.634, 104
Trd, 863636.451, 96
Trd, 863636.718, 106
Trd, 863636.984, 96
Trd, 863637.134, 94
Trd, 863637.701, 109
Trd, 863637.801, 109
Trd, 863638.234, 108
Trd, 863638.684, 107
Trd, 863638.918, 99
Trd, 863640.168, 108
Trd, 863641.268, 103
Trd, 863641.368, 101
Trd, 863641.934, 106
Trd, 863642.201, 99
Trd, 863642.934, 101
Trd, 863643.134, 98
Trd, 863643.468, 99
Trd, 863643.701, 101
Trd, 863644.401, 101
Trd, 863644.451, 104
Trd, 863644.851, 98
Trd, 863645.034, 107
Trd, 863645.868, 113
Trd, 863646.101, 103
Trd, 863646.134, 104
Trd, 863646.651, 102
Trd, 863646.834, 101
Trd, 863647.184, 100
Trd, 863647.334, 101
Trd, 863647.518, 93
Trd, 863648.468, 92
Trd, 863649.251, 92
Trd, 863649.301, 93
Trd, 863649.368, 95
Trd, 863649.618, 94
Trd, 863650.634, 93
Trd, 863650.984, 96
Trd, 863651.468, 98
Trd, 863652.184, 95
Trd, 863652.501, 93
Trd, 863652.534, 90
Trd, 863652.651, 88
Trd, 863653.251, 93
Trd, 863653.268, 94
Trd, 863653.301, 95
Trd, 863653.584, 91
Trd, 863653.868, 104
Trd, 863654.151, 107
Trd, 863655.051, 95
Trd, 863655.351, 107
Trd, 863655.584, 107
Trd, 863656.451, 98
Trd, 863656.501, 97
Trd, 863656.701, 111
Trd, 863657.784, 110
Trd, 863657.818, 95
Trd, 863658.101, 97
Trd, 863659.268, 106
Trd, 863660.234, 103
Trd, 863660.318, 101
Trd, 863660.684, 100
Trd, 863660.701, 101
Trd, 863660.818, 101
Trd, 863661.034, 99
Trd, 863662.001, 98
Trd, 863662.834, 100
Trd, 863663.118, 100
Trd, 863663.201, 104
Trd, 863663.601, 108
Trd, 863663.818, 101
Trd, 863665.434, 108
Trd, 863665.934, 107
Trd, 863666.551, 107
Trd, 863666.968, 106
Trd, 863667.201, 100
Trd, 863667.384, 105
Trd, 863668.068, 99
Trd, 863668.418, 101
Trd, 863668.734, 99
Trd, 863668.751, 103
Trd, 863668.934, 103
Trd, 863669.118, 98
Trd, 863669.651, 99
Trd, 863670.268, 98
Trd, 863671.151, 96
Trd, 863671.651, 91
Trd, 863671.784, 96
Trd, 863671.951, 97
Trd, 863672.001, 99
Trd, 863672.168, 88
Trd, 863673.251, 103
Trd, 863674.218, 90
Trd, 863674.334, 88
Trd, 863674.718, 96
Trd, 863675.634, 93
Trd, 863675.784, 94
Trd, 863675.984, 97
Trd, 863676.184, 94
Trd, 863676.568, 97
Trd, 863676.818, 98
Trd, 863677.618, 104
Trd, 863678.234, 101
Trd, 863678.784, 100
Trd, 863678.834, 102
Trd, 863679.118, 98
Trd, 863679.551, 100
Trd, 863679.951, 100
Trd, 863679.968, 97
Trd, 863681.968, 92
Trd, 863682.068, 93
Trd, 863682.268, 93
Trd, 863682.518, 94
Trd, 863683.651, 93
Trd, 863683.801, 92
Trd, 863683.934, 93
Trd, 863684.034, 94
Trd, 863684.201, 92
Trd, 863684.284, 90
Trd, 863684.634, 104
Trd, 863684.751, 91
Trd, 863684.818, 95
Trd, 863685.718, 92
Trd, 863685.984, 104
Trd, 863686.284, 88
Trd, 863687.101, 91
Trd, 863687.518, 105
Trd, 863687.684, 91
Trd, 863688.034, 118
Trd, 863688.084, 94
Trd, 863688.251, 118
Trd, 863688.484, 119
Trd, 863689.351, 108
Trd, 863690.418, 105
Trd, 863690.868, 99
Trd, 863691.501, 100
Trd, 863692.051, 103
Trd, 863692.484, 102
Trd, 863693.218, 100
Trd, 863693.234, 94
Trd, 863693.518, 92
Trd, 863693.768, 98
Trd, 863693.901, 99
Trd, 863694.601, 95
Trd, 863694.884, 94
Trd, 863695.634, 92
Trd, 863695.784, 92
Trd, 863696.368, 93
Trd, 863696.601, 93
Trd, 863696.618, 104
Trd, 863697.301, 93
Trd, 863698.351, 108
Trd, 863698.984, 105
Trd, 863699.068, 107
Trd, 863699.301, 103
Trd, 863699.418, 101
Trd, 863699.868, 106
Trd, 863700.768, 100
Trd, 863700.884, 93
Trd, 863701.768, 91
Trd, 863701.834, 91
Trd, 863702.234, 94
Trd, 863702.651, 95
Trd, 863702.801, 96
Trd, 863702.851, 98
Trd, 863702.984, 99
Trd, 863704.001, 95
Trd, 863704.168, 92
Trd, 863704.201, 95
Trd, 863704.234, 98
Trd, 863704.301, 104
Trd, 863705.334, 91
Trd, 863706.184, 105
Trd, 863706.701, 106
Trd, 863707.334, 103
Trd, 863707.768, 113
Trd, 863708.118, 107
Trd, 863708.251, 106
Trd, 863708.584, 103
Trd, 863708.734, 99
Trd, 863708.801, 112
Trd, 863708.934, 108
Trd, 863708.984, 98
Trd, 863709.718, 100
Trd, 863710.084, 93
Trd, 863711.351, 101
Trd, 863711.734, 102
Trd, 863712.084, 97
Trd, 863712.218, 101
Trd, 863712.251, 102
Trd, 863712.401, 103
Trd, 863712.684, 100
Trd, 863713.301, 101
Trd, 863713.401, 102
Trd, 863713.751, 101
Trd, 863714.218, 100
Trd, 863714.418, 103
Trd, 863714.518, 113
Trd, 863714.651, 93
Trd, 863714.801, 87
Trd, 863716.451, 93
Trd, 863717.434, 100
Trd, 863717.468, 99
Trd, 863717.618, 103
Trd, 863718.051, 103
Trd, 863718.134, 97
Trd, 863718.451, 101
Trd, 863718.601, 102
Trd, 863718.834, 104
Trd, 863718.934, 98
Trd, 863719.134, 98
Trd, 863719.534, 109
Trd, 863720.318, 113
Trd, 863720.518, 98
Trd, 863720.734, 97
Trd, 863721.734, 97
Trd, 863721.934, 106
Trd, 863722.568, 105
Trd, 863722.868, 93
Trd, 863723.501, 102
Trd, 863724.634, 98
Trd, 863724.884, 89
Trd, 863725.101, 97
Trd, 863725.518, 95
Trd, 863725.701, 96
Trd, 863725.751, 97
Trd, 863725.968, 98
Trd, 863726.318, 99
Trd, 863726.418, 98
Trd, 863726.568, 104
Trd, 863726.984, 97
Trd, 863727.584, 106
Trd, 863728.934, 100
Trd, 863729.268, 100
Trd, 863729.851, 101
Trd, 863730.318, 100
Trd, 863730.568, 99
Trd, 863730.734, 97
Trd, 863731.534, 99
Trd, 863731.784, 99
Trd, 863732.401, 104
Trd, 863732.451, 111
Trd, 863733.101, 110
Trd, 863733.168, 100
Trd, 863734.251, 99
Trd, 863734.668, 99
Trd, 863734.734, 98
Trd, 863734.884, 101
Trd, 863734.934, 102
Trd, 863735.684, 98
Trd, 863736.068, 97
Trd, 863736.418, 101
Trd, 863737.318, 92
Trd, 863738.134, 98
Trd, 863738.634, 97
Trd, 863738.684, 98
Trd, 863739.084, 98
Trd, 863739.584, 102
Trd, 863739.718, 102
Trd, 863740.068, 101
Trd, 863740.251, 100
Trd, 863740.751, 87
Trd, 863740.818, 84
Trd, 863740.984, 88
Trd, 863741.334, 101
Trd, 863742.151, 101
Trd, 863742.801, 95
Trd, 863742.884, 102
Trd, 863743.134, 103
Trd, 863743.868, 94
Trd, 863744.351, 97
Trd, 863744.484, 96
Trd, 863744.801, 96
Trd, 863745.218, 95
Trd, 863745.334, 96
Trd, 863746.134, 101
Trd, 863746.551, 98
Trd, 863746.868, 102
Trd, 863747.051, 101
Trd, 863747.668, 98
Trd, 863747.701, 102
Trd, 863747.884, 103
Trd, 863748.118, 105
Trd, 863748.768, 100
Trd, 863749.484, 101
Trd, 863749.684, 101
Trd, 863749.701, 102
Trd, 863750.118, 101
Trd, 863750.151, 100
Trd, 863750.668, 107
Trd, 863751.068, 102
Trd, 863752.101, 101
Trd, 863752.518, 109
Trd, 863752.684, 111
Trd, 863752.701, 99
Trd, 863753.184, 100
Trd, 863753.301, 98
Trd, 863753.734, 102
Trd, 863754.534, 104
Trd, 863755.784, 96
Trd, 863755.951, 94
Trd, 863756.268, 94
Trd, 863756.501, 100
Trd, 863756.801, 100
Trd, 863757.834, 94
Trd, 863758.301, 95
Trd, 863758.318, 98
Trd, 863758.568, 103
Trd, 863759.201, 101
Trd, 863759.901, 101
Trd, 863760.118, 103
Trd, 863760.134, 100
Trd, 863761.634, 106
Trd, 863761.718, 107
Trd, 863761.901, 108
Trd, 863762.351, 105
Trd, 863762.868, 106
Trd, 863762.884, 105
Trd, 863763.634, 96
Trd, 863763.751, 107
Trd, 863763.934, 93
Trd, 863764.684, 103
Trd, 863764.834, 104
Trd, 863764.984, 101
Trd, 863765.234, 98
Trd, 863765.268, 103
Trd, 863766.601, 94
Trd, 863766.684, 93
Trd, 863767.134, 95
Trd, 863767.434, 95
Trd, 863768.101, 95
Trd, 863768.168, 94
Trd, 863768.384, 93
Trd, 863768.534, 93
Trd, 863768.818, 94
Trd, 863768.934, 87
Trd, 863769.318, 97
Trd, 863770.051, 84
Trd, 863770.068, 82
Trd, 863771.168, 101
Trd, 863771.568, 104
Trd, 863772.301, 104
Trd, 863772.734, 103
Trd, 863772.984, 104
Trd, 863773.034, 100
Trd, 863773.268, 104
Trd, 863773.968, 106
Trd, 863774.918, 103
Trd, 863775.534, 104
Trd, 863775.784, 104
Trd, 863775.868, 105
Trd, 863776.168, 99
Trd, 863776.318, 98
Trd, 863776.334, 106
Trd, 863776.651, 93
Trd, 863776.951, 106
Trd, 863777.001, 106
Trd, 863777.468, 88
Trd, 863777.784, 88
Trd, 863777.884, 87
Trd, 863778.218, 104
Trd, 863778.234, 93
Trd, 863778.601, 104
Trd, 863780.018, 96
Trd, 863780.634, 99
Trd, 863781.584, 103
Trd, 863781.784, 97
Trd, 863782.034, 102
Trd, 863782.101, 103
Trd, 863782.501, 96
Trd, 863783.151, 97
Trd, 863783.384, 100
Trd, 863783.718, 106
Trd, 863784.401, 103
Trd, 863784.651, 101
Trd, 863784.684, 100
Trd, 863785.168, 101
Trd, 863786.234, 101
Trd, 863786.368, 109
Trd, 863786.718, 109
Trd, 863786.801, 103
Trd, 863787.418, 104
Trd, 863787.901, 108
Trd, 863788.318, 109
Trd, 863788.651, 107
Trd, 863788.718, 106
Trd, 863788.968, 103
Trd, 863789.334, 99
Trd, 863789.668, 100
Trd, 863789.801, 98
Trd, 863790.468, 93
Trd, 863790.684, 92
Trd, 863790.901, 93
Trd, 863791.601, 95
Trd, 863791.701, 98
Trd, 863792.101, 93
Trd, 863792.718, 95
Trd, 863792.818, 86
Trd, 863792.901, 98
Trd, 863793.584, 98
Trd, 863794.468, 92
Trd, 863795.151, 98
Trd, 863795.568, 99
Trd, 863796.018, 99
Trd, 863796.301, 99
Trd, 863796.584, 109
Trd, 863797.518, 99
Trd, 863797.751, 99
Trd, 863798.301, 99
Trd, 863798.318, 98
Trd, 863798.401, 100
Trd, 863798.584, 97
Trd, 863799.051, 96
Trd, 863799.184, 94
Trd, 863799.384, 94
Trd, 863799.501, 96
Trd, 863800.668, 95
Trd, 863800.768, 94
Trd, 863802.001, 95
Trd, 863802.401, 97
Trd, 863802.551, 97
Trd, 863803.884, 99
Trd, 863804.351, 99
Trd, 863804.618, 100
Trd, 863804.851, 104
Trd, 863805.301, 101
Trd, 863805.318, 106
Trd, 863805.634, 110
Trd, 863805.884, 103
Trd, 863805.951, 102
Trd, 863806.168, 101
Trd, 863806.368, 110
Trd, 863808.084, 97
Trd, 863808.284, 100
Trd, 863808.401, 97
Trd, 863808.984, 95
Trd, 863809.768, 94
Trd, 863809.868, 94
Trd, 863810.018, 93
Trd, 863810.051, 94
Trd, 863810.401, 91
Trd, 863810.484, 92
Trd, 863810.634, 93
Trd, 863811.784, 95
Trd, 863812.451, 103
Trd, 863812.601, 84
Trd, 863813.034, 86
Trd, 863813.068, 104
Trd, 863813.484, 94
Trd, 863813.518, 95
Trd, 863815.218, 101
Trd, 863815.234, 100
Trd, 863815.634, 99
Trd, 863815.718, 101
Trd, 863815.934, 97
Trd, 863816.168, 101
Trd, 863816.234, 116
Trd, 863816.584, 98
Trd, 863817.234, 95
Trd, 863818.018, 95
Trd, 863818.934, 96
Trd, 863819.751, 100
Trd, 863820.668, 102
Trd, 863820.818, 103
Trd, 863820.834, 104
Trd, 863820.851, 102
Trd, 863821.901, 99
Trd, 863822.234, 103
Trd, 863822.518, 99
Trd, 863822.684, 101
Trd, 863823.168, 98
Trd, 863823.951, 93
Trd, 863824.784, 94
Trd, 863824.868, 97
Trd, 863824.968, 96
Trd, 863825.034, 89
Trd, 863825.068, 87
Trd, 863825.584, 89
Trd, 863826.001, 88
Trd, 863826.401, 94
Trd, 863827.418, 92
Trd, 863827.584, 93
Trd, 863827.984, 96
Trd, 863828.418, 104
Trd, 863828.551, 107
Trd, 863828.918, 94
Trd, 863828.984, 92
Trd, 863829.218, 107
Trd, 863829.668, 90
Trd, 863831.251, 97
Trd, 863831.734, 98
Trd, 863832.001, 103
Trd, 863832.568, 104
Trd, 863832.868, 96
Trd, 863833.184, 94
Trd, 863834.151, 97
Trd, 863834.434, 96
Trd, 863834.468, 97
Trd, 863834.734, 90
Trd, 863834.851, 95
Trd, 863835.018, 97
Trd, 863835.118, 93
Trd, 863835.668, 94
Trd, 863836.184, 92
Trd, 863837.151, 93
Trd, 863837.501, 102
Trd, 863837.784, 104
Trd, 863837.968, 98
Trd, 863838.318, 98
Trd, 863838.718, 97
Trd, 863839.134, 97
Trd, 863839.601, 94
Trd, 863839.734, 105
Trd, 863841.584, 100
Trd, 863841.634, 96
Trd, 863841.801, 103
Trd, 863842.801, 103
Trd, 863843.034, 104
Trd, 863843.134, 93
Trd, 863843.218, 106
Trd, 863843.734, 90
Trd, 863843.901, 89
Trd, 863844.001, 91
Trd, 863844.051, 87
Trd, 863844.501, 92
Trd, 863845.384, 89
Trd, 863845.418, 91
Trd, 863845.968, 92
Trd, 863846.034, 93
Trd, 863846.601, 97
Trd, 863847.334, 97
Trd, 863847.434, 97
Trd, 863847.568, 98
Trd, 863847.818, 104
Trd, 863847.884, 99
Trd, 863848.701, 110
Trd, 863849.401, 100
Trd, 863849.934, 107
Trd, 863850.168, 108
Trd, 863850.268, 101
Trd, 863850.384, 105
Trd, 863850.468, 98
Trd, 863851.868, 93
Trd, 863852.668, 96
Trd, 863852.751, 97
Trd, 863852.851, 98
Trd, 863853.084, 99
Trd, 863853.134, 104
Trd, 863854.301, 97
Trd, 863854.568, 84
Trd, 863854.618, 116
Trd, 863855.984, 95
Trd, 863856.251, 96
Trd, 863856.551, 95
Trd, 863856.718, 101
Trd, 863857.151, 94
Trd, 863858.018, 97
Trd, 863858.184, 98
Trd, 863858.418, 98
Trd, 863858.751, 93
Trd, 863859.051, 99
Trd, 863859.068, 100
Trd, 863859.634, 87
Trd, 863860.134, 95
Trd, 863860.584, 96
Trd, 863860.651, 87
Trd, 863860.684, 86
Trd, 863861.301, 101
Trd, 863861.668, 103
Trd, 863862.118, 89
Trd, 863863.001, 93
Trd, 863863.134, 94
Trd, 863863.634, 95
Trd, 863863.884, 101
Trd, 863864.768, 95
Trd, 863864.834, 100
Trd, 863865.384, 99
Trd, 863865.434, 100
Trd, 863866.201, 99
Trd, 863866.768, 101
Trd, 863867.018, 104
Trd, 863867.284, 100
Trd, 863867.968, 98
Trd, 863868.268, 107
Trd, 863868.901, 100
Trd, 863869.284, 100
Trd, 863869.401, 107
Trd, 863870.201, 104
Trd, 863870.501, 104
Trd, 863871.718, 100
Trd, 863872.051, 98
Trd, 863872.184, 101
Trd, 863872.468, 98
Trd, 863872.768, 95
Trd, 863873.918, 96
Trd, 863874.034, 95
Trd, 863874.234, 96
Trd, 863874.301, 104
Trd, 863874.901, 98
Trd, 863875.084, 99
Trd, 863875.751, 99
Trd, 863875.918, 98
Trd, 863876.334, 104
Trd, 863876.451, 99
Trd, 863877.068, 95
Trd, 863877.151, 103
Trd, 863877.301, 104
Trd, 863877.318, 115
Trd, 863878.101, 112
Trd, 863878.801, 106
Trd, 863879.018, 101
Trd, 863879.968, 104
Trd, 863880.368, 103
Trd, 863880.718, 104
Trd, 863881.068, 105
Trd, 863881.701, 98
Trd, 863882.234, 98
Trd, 863882.684, 99
Trd, 863882.818, 99
Trd, 863883.418, 98
Trd, 863883.518, 99
Trd, 863883.968, 96
Trd, 863884.401, 97
Trd, 863884.451, 102
Trd, 863884.518, 96
Trd, 863884.851, 95
Trd, 863885.018, 94
Trd, 863886.368, 103
Trd, 863886.484, 92
Trd, 863886.701, 104
Trd, 863886.834, 93
Trd, 863887.068, 109
Trd, 863887.951, 94
Trd, 863888.218, 98
Trd, 863889.601, 93
Trd, 863889.968, 102
Trd, 863890.918, 98
Trd, 863890.984, 97
Trd, 863891.084, 98
Trd, 863891.368, 97
Trd, 863891.584, 92
Trd, 863892.018, 96
Trd, 863892.451, 95
Trd, 863893.401, 93
Trd, 863894.001, 94
Trd, 863894.084, 85
Trd, 863894.218, 96
Trd, 863894.334, 104
Trd, 863894.501, 109
Trd, 863894.834, 88
Trd, 863894.851, 87
Trd, 863895.218, 96
Trd, 863895.318, 85
Trd, 863895.951, 94
Trd, 863896.018, 89
Trd, 863896.484, 96
Trd, 863896.584, 106
Trd, 863896.801, 92
Trd, 863897.384, 107
Trd, 863898.034, 109
Trd, 863898.634, 109
Trd, 863899.418, 104
Trd, 863899.601, 100
Trd, 863899.884, 101
Trd, 863900.501, 97
Trd, 863900.768, 91
Trd, 863900.934, 95
Trd, 863902.151, 92
Trd, 863902.218, 92
Trd, 863902.301, 93
Trd, 863902.618, 97
Trd, 863903.601, 106
Trd, 863903.951, 106
Trd, 863904.684, 94
Trd, 863905.051, 101
Trd, 863905.251, 94
Trd, 863905.384, 102
Trd, 863905.451, 93
Trd, 863906.001, 103
Trd, 863906.034, 87
Trd, 863907.251, 98
Trd, 863907.268, 99
Trd, 863907.618, 100
Trd, 863908.051, 98
Trd, 863908.534, 99
Trd, 863908.818, 95
Trd, 863909.634, 94
Trd, 863910.318, 97
Trd, 863910.984, 91
Trd, 863911.318, 95
Trd, 863911.818, 99
Trd, 863912.818, 102
Trd, 863913.034, 92
Trd, 863913.201, 101
Trd, 863914.534, 94
Trd, 863914.634, 93
Trd, 863914.684, 94
Trd, 863914.868, 94
Trd, 863914.951, 93
Trd, 863915.251, 93
Trd, 863915.651, 94
Trd, 863916.534, 90
Trd, 863916.651, 102
Trd, 863916.668, 103
Trd, 863916.851, 89
Trd, 863917.201, 98
Trd, 863917.518, 93
Trd, 863917.634, 87
Trd, 863918.084, 103
Trd, 863918.401, 104
Trd, 863919.634, 109
Trd, 863919.984, 85
Trd, 863920.418, 106
Trd, 863920.751, 108
Trd, 863921.618, 103
Trd, 863922.101, 103
Trd, 863922.168, 106
Trd, 863922.234, 102
Trd, 863922.301, 107
Trd, 863922.634, 88
Trd, 863923.568, 103
Trd, 863923.768, 102
Trd, 863923.968, 104
Trd, 863924.101, 111
Trd, 863925.301, 106
Trd, 863925.334, 110
Trd, 863925.634, 102
Trd, 863925.718, 101
Trd, 863926.384, 98
Trd, 863927.484, 103
Trd, 863927.701, 102
Trd, 863927.884, 103
Trd, 863928.518, 103
Trd, 863928.784, 102
Trd, 863929.018, 99
Trd, 863929.318, 99
Trd, 863929.434, 102
Trd, 863929.501, 103
Trd, 863930.034, 98
Trd, 863930.201, 104
Trd, 863930.584, 105
Trd, 863931.468, 100
Trd, 863931.734, 107
Trd, 863932.518, 98
Trd, 863932.768, 97
Trd, 863932.934, 97
Trd, 863933.334, 105
Trd, 863933.484, 98
Trd, 863933.618, 104
Trd, 863933.684, 89
Trd, 863934.318, 103
Trd, 863934.468, 102
Trd, 863935.501, 103
Trd, 863935.718, 95
Trd, 863935.951, 106
Trd, 863936.801, 101
Trd, 863936.834, 96
Trd, 863937.118, 98
Trd, 863937.518, 98
Trd, 863937.634, 96
Trd, 863938.718, 95
Trd, 863939.384, 101
Trd, 863939.884, 99
Trd, 863940.301, 100
Trd, 863940.501, 97
Trd, 863940.518, 96
Trd, 863940.968, 96
Trd, 863941.601, 97
Trd, 863941.884, 96
Trd, 863941.934, 95
Trd, 863942.951, 95
Trd, 863943.001, 94
Trd, 863943.218, 95
Trd, 863943.301, 94
Trd, 863943.534, 96
Trd, 863944.384, 109
Trd, 863944.634, 102
Trd, 863944.801, 101
Trd, 863946.084, 99
Trd, 863947.134, 91
Trd, 863947.151, 97
Trd, 863947.568, 95
Trd, 863947.984, 92
Trd, 863948.318, 93
Trd, 863948.451, 92
Trd, 863948.551, 93
Trd, 863949.918, 101
Trd, 863949.951, 98
Trd, 863950.251, 98
Trd, 863950.501, 96
Trd, 863950.601, 98
Trd, 863950.768, 100
Trd, 863950.934, 93
Trd, 863952.668, 93
Trd, 863952.751, 92
Trd, 863953.084, 95
Trd, 863953.168, 93
Trd, 863953.218, 92
Trd, 863953.368, 96
Trd, 863954.134, 93
Trd, 863954.901, 103
Trd, 863954.918, 104
Trd, 863956.051, 103
Trd, 863956.418, 112
Trd, 863956.584, 104
Trd, 863957.118, 101
Trd, 863957.534, 107
Trd, 863958.268, 104
Trd, 863958.468, 102
Trd, 863959.018, 100
Trd, 863959.684, 99
Trd, 863960.068, 99
Trd, 863960.234, 98
Trd, 863960.734, 96
Trd, 863961.751, 94
Trd, 863961.868, 94
Trd, 863961.901, 96
Trd, 863962.601, 100
Trd, 863962.618, 93
Trd, 863962.718, 102
Trd, 863963.284, 103
Trd, 863963.551, 104
Trd, 863963.584, 94
Trd, 863963.684, 93
Trd, 863964.068, 84
Trd, 863964.618, 95
Trd, 863964.751, 97
Trd, 863965.468, 88
Trd, 863966.834, 100
Trd, 863967.451, 91
Trd, 863968.401, 97
Trd, 863968.551, 94
Trd, 863968.718, 97
Trd, 863969.151, 93
Trd, 863969.284, 92
Trd, 863969.618, 91
Trd, 863970.101, 90
Trd, 863970.368, 93
Trd, 863970.468, 104
Trd, 863970.701, 92
Trd, 863971.268, 102
Trd, 863971.634, 92
Trd, 863972.351, 106
Trd, 863973.118, 95
Trd, 863973.234, 96
Trd, 863973.501, 96
Trd, 863973.568, 102
Trd, 863973.734, 94
Trd, 863973.901, 90
Trd, 863974.684, 100
Trd, 863974.918, 89
Trd, 863975.068, 83
Trd, 863975.084, 99
Trd, 863975.718, 98
Trd, 863976.001, 84
Trd, 863976.168, 98
Trd, 863976.368, 98
Trd, 863976.684, 98
Trd, 863976.918, 95
Trd, 863977.368, 94
Trd, 863977.651, 97
Trd, 863979.001, 98
Trd, 863979.568, 99
Trd, 863980.051, 99
Trd, 863980.884, 102
Trd, 863981.168, 102
Trd, 863981.418, 102
Trd, 863981.601, 101
Trd, 863981.818, 101
Trd, 863981.951, 94
Trd, 863982.118, 100
Trd, 863982.651, 103
Trd, 863983.618, 97
Trd, 863983.818, 96
Trd, 863984.118, 98
Trd, 863984.168, 93
Trd, 863984.284, 104
Trd, 863985.268, 101
Trd, 863985.601, 98
Trd, 863985.701, 98
Trd, 863986.068, 96
Trd, 863986.584, 85
Trd, 863987.418, 98
Trd, 863987.434, 86
Trd, 863988.551, 96
Trd, 863988.834, 95
Trd, 863988.984, 99
Trd, 863990.118, 93
Trd, 863990.334, 94
Trd, 863990.484, 93
Trd, 863990.768, 94
Trd, 863991.018, 96
Trd, 863991.201, 104
Trd, 863991.568, 96
Trd, 863991.934, 97
Trd, 863991.984, 96
Trd, 863994.151, 91
Trd, 863994.168, 91
Trd, 863994.301, 103
Trd, 863994.468, 103
Trd, 863995.084, 101
Trd, 863995.301, 102
Trd, 863995.518, 96
Trd, 863995.918, 99
Trd, 863996.418, 99
Trd, 863997.384, 98
Trd, 863997.768, 99
Trd, 863998.684, 98
Trd, 863998.834, 97
Trd, 863999.034, 101
Trd, 863999.618, 105
Trd, 863999.768, 94
