Trd, 863302.001, 95
Trd, 863302.351, 96
Trd, 863302.584, 94
Trd, 863304.218, 105
Trd, 863304.368, 84
Trd, 863304.568, 91
Trd, 863304.618, 83
Trd, 863306.118, 105
Trd, 863306.468, 105
Trd, 863306.634, 104
Trd, 863306.668, 106
Trd, 863307.234, 107
Trd, 863307.501, 110
Trd, 863308.601, 110
Trd, 863308.984, 111
Trd, 863309.284, 103
Trd, 863310.718, 107
Trd, 863311.151, 98
Trd, 863311.801, 111
Trd, 863312.251, 118
Trd, 863313.168, 99
Trd, 863314.168, 100
Trd, 863314.451, 103
Trd, 863314.484, 113
Trd, 863315.168, 107
Trd, 863315.251, 103
Trd, 863315.784, 113
Trd, 863315.918, 115
Trd, 863316.551, 92
Trd, 863316.718, 114
Trd, 863317.284, 95
Trd, 863317.851, 93
Trd, 863318.018, 102
Trd, 863318.201, 102
Trd, 863318.368, 90
Trd, 863318.651, 89
Trd, 863318.684, 88
Trd, 863319.001, 102
Trd, 863320.501, 115
Trd, 863320.518, 116
Trd, 863321.534, 118
Trd, 863321.868, 116
Trd, 863322.234, 104
Trd, 863322.568, 101
Trd, 863323.318, 117
Trd, 863323.368, 116
Trd, 863324.218, 99
Trd, 863325.001, 115
Trd, 863325.784, 105
Trd, 863326.051, 99
Trd, 863326.184, 118
Trd, 863326.384, 123
Trd, 863326.618, 98
Trd, 863327.084, 99
Trd, 863327.351, 124
Trd, 863327.434, 126
Trd, 863327.751, 127
Trd, 863327.934, 95
Trd, 863328.484, 116
Trd, 863329.634, 110
Trd, 863330.418, 91
Trd, 863330.584, 85
Trd, 863330.834, 95
Trd, 863330.918, 96
Trd, 863331.101, 82
Trd, 863331.518, 92
Trd, 863331.834, 97
Trd, 863332.018, 98
Trd, 863332.734, 112
Trd, 863333.684, 112
Trd, 863334.101, 104
Trd, 863334.151, 112
Trd, 863334.251, 113
Trd, 863334.918, 103
Trd, 863335.101, 108
Trd, 863335.684, 109
Trd, 863335.701, 106
Trd, 863335.868, 100
Trd, 863335.884, 99
Trd, 863336.351, 116
Trd, 863336.584, 116
Trd, 863337.668, 97
Trd, 863338.301, 110
Trd, 863338.418, 115
Trd, 863338.684, 118
Trd, 863339.184, 98
Trd, 863340.051, 122
Trd, 863341.134, 87
Trd, 863341.584, 90
Trd, 863341.718, 91
Trd, 863341.784, 94
Trd, 863342.168, 96
Trd, 863342.184, 103
Trd, 863342.634, 109
Trd, 863342.718, 104
Trd, 863344.384, 105
Trd, 863344.418, 107
Trd, 863344.718, 121
Trd, 863344.784, 123
Trd, 863345.768, 113
Trd, 863346.384, 116
Trd, 863348.068, 115
Trd, 863348.318, 103
Trd, 863348.518, 99
Trd, 863349.001, 104
Trd, 863349.518, 106
Trd, 863349.634, 98
Trd, 863350.184, 100
Trd, 863350.834, 108
Trd, 863351.268, 94
Trd, 863351.384, 90
Trd, 863351.751, 85
Trd, 863352.801, 97
Trd, 863353.184, 97
Trd, 863353.534, 90
Trd, 863353.701, 98
Trd, 863354.151, 80
Trd, 863354.384, 87
Trd, 863354.551, 98
Trd, 863354.718, 87
Trd, 863355.468, 104
Trd, 863355.701, 105
Trd, 863355.984, 112
Trd, 863356.018, 104
Trd, 863356.068, 116
Trd, 863356.401, 111
Trd, 863357.268, 100
Trd, 863357.618, 109
Trd, 863358.318, 103
Trd, 863358.551, 100
Trd, 863359.068, 103
Trd, 863360.034, 108
Trd, 863360.334, 108
Trd, 863360.984, 108
Trd, 863361.451, 102
Trd, 863361.601, 97
Trd, 863362.151, 103
Trd, 863362.384, 110
Trd, 863362.884, 98
Trd, 863363.451, 110
Trd, 863363.584, 103
Trd, 863363.918, 111
Trd, 863364.101, 115
Trd, 863365.368, 101
Trd, 863365.384, 99
Trd, 863365.434, 102
Trd, 863366.218, 78
Trd, 863366.601, 90
Trd, 863367.101, 100
Trd, 863367.368, 84
Trd, 863367.651, 111
Trd, 863368.068, 97
Trd, 863368.484, 104
Trd, 863369.518, 101
Trd, 863370.018, 81
Trd, 863370.634, 104
Trd, 863370.951, 109
Trd, 863371.084, 116
Trd, 863371.518, 124
Trd, 863372.051, 112
Trd, 863372.168, 108
Trd, 863372.484, 104
Trd, 863372.768, 101
Trd, 863372.951, 98
Trd, 863373.401, 105
Trd, 863373.484, 106
Trd, 863374.518, 91
Trd, 863374.818, 106
Trd, 863375.134, 105
Trd, 863375.184, 105
Trd, 863375.701, 116
Trd, 863375.884, 125
Trd, 863376.201, 104
Trd, 863376.284, 101
Trd, 863376.684, 98
Trd, 863377.351, 96
Trd, 863378.018, 89
Trd, 863378.501, 91
Trd, 863379.018, 93
Trd, 863379.051, 81
Trd, 863379.201, 98
Trd, 863379.851, 90
Trd, 863380.518, 116
Trd, 863380.618, 106
Trd, 863381.351, 107
Trd, 863381.484, 108
Trd, 863381.751, 104
Trd, 863382.201, 110
Trd, 863382.684, 112
Trd, 863383.034, 100
Trd, 863383.101, 97
Trd, 863383.684, 97
Trd, 863384.101, 95
Trd, 863384.534, 100
Trd, 863385.001, 122
Trd, 863385.318, 123
Trd, 863385.918, 97
Trd, 863386.134, 113
Trd, 863386.884, 113
Trd, 863387.418, 113
Trd, 863387.868, 112
Trd, 863388.501, 102
Trd, 863388.534, 101
Trd, 863388.584, 115
Trd, 863389.584, 87
Trd, 863389.618, 99
Trd, 863390.051, 86
Trd, 863390.451, 95
Trd, 863391.184, 83
Trd, 863392.001, 96
Trd, 863392.401, 96
Trd, 863392.701, 98
Trd, 863392.834, 100
Trd, 863393.518, 102
Trd, 863393.801, 103
Trd, 863394.334, 110
Trd, 863394.768, 103
Trd, 863395.051, 115
Trd, 863395.201, 114
Trd, 863395.601, 98
Trd, 863395.784, 98
Trd, 863396.401, 91
Trd, 863397.451, 104
Trd, 863397.618, 103
Trd, 863397.751, 101
Trd, 863398.601, 101
Trd, 863399.151, 102
Trd, 863399.718, 104
Trd, 863400.901, 103
Trd, 863401.201, 109
Trd, 863401.618, 117
Trd, 863401.984, 97
Trd, 863402.018, 113
Trd, 863402.468, 93
Trd, 863402.851, 108
Trd, 863403.268, 87
Trd, 863403.618, 85
Trd, 863405.068, 104
Trd, 863405.268, 107
Trd, 863405.318, 105
Trd, 863405.368, 111
Trd, 863405.801, 104
Trd, 863405.818, 111
Trd, 863406.701, 104
Trd, 863406.818, 112
Trd, 863407.301, 108
Trd, 863407.551, 109
Trd, 863408.401, 97
Trd, 863408.468, 112
Trd, 863408.918, 93
Trd, 863409.051, 102
Trd, 863409.451, 111
Trd, 863410.101, 123
Trd, 863410.301, 102
Trd, 863410.318, 115
Trd, 863411.001, 96
Trd, 863411.534, 97
Trd, 863412.734, 109
Trd, 863413.368, 95
Trd, 863414.418, 107
Trd, 863414.584, 108
Trd, 863414.984, 103
Trd, 863415.918, 101
Trd, 863416.184, 92
Trd, 863416.451, 93
Trd, 863417.484, 104
Trd, 863418.001, 103
Trd, 863418.201, 104
Trd, 863418.751, 104
Trd, 863419.018, 98
Trd, 863419.168, 96
Trd, 863419.251, 104
Trd, 863420.568, 109
Trd, 863421.318, 103
Trd, 863421.901, 100
Trd, 863421.918, 105
Trd, 863422.084, 113
Trd, 863422.168, 116
Trd, 863422.551, 103
Trd, 863422.768, 104
Trd, 863422.884, 98
Trd, 863423.801, 94
Trd, 863424.651, 88
Trd, 863426.234, 94
Trd, 863426.368, 97
Trd, 863426.451, 93
Trd, 863426.468, 98
Trd, 863426.751, 78
Trd, 863427.201, 103
Trd, 863427.334, 105
Trd, 863427.701, 108
Trd, 863428.284, 104
Trd, 863428.451, 104
Trd, 863428.801, 107
Trd, 863428.951, 113
Trd, 863428.968, 105
Trd, 863429.001, 116
Trd, 863429.518, 114
Trd, 863429.834, 112
Trd, 863430.684, 104
Trd, 863430.884, 89
Trd, 863431.418, 105
Trd, 863432.601, 99
Trd, 863433.051, 105
Trd, 863433.534, 110
Trd, 863434.668, 116
Trd, 863434.801, 115
Trd, 863434.851, 103
Trd, 863435.918, 103
Trd, 863436.368, 101
Trd, 863437.184, 107
Trd, 863437.251, 109
Trd, 863437.301, 106
Trd, 863437.801, 108
Trd, 863438.084, 106
Trd, 863438.884, 109
Trd, 863438.901, 104
Trd, 863439.118, 111
Trd, 863439.584, 99
Trd, 863439.684, 94
Trd, 863439.968, 98
Trd, 863441.084, 93
Trd, 863441.134, 111
Trd, 863441.301, 117
Trd, 863441.818, 104
Trd, 863443.251, 109
Trd, 863444.368, 105
Trd, 863444.384, 103
Trd, 863444.434, 102
Trd, 863444.868, 98
Trd, 863444.901, 103
Trd, 863445.351, 105
Trd, 863445.484, 106
Trd, 863445.584, 96
Trd, 863445.818, 79
Trd, 863446.768, 100
Trd, 863446.968, 86
Trd, 863447.001, 88
Trd, 863447.334, 86
Trd, 863447.701, 101
Trd, 863447.718, 104
Trd, 863448.234, 113
Trd, 863448.634, 100
Trd, 863449.168, 123
Trd, 863451.084, 107
Trd, 863451.201, 103
Trd, 863451.384, 114
Trd, 863451.601, 114
Trd, 863451.784, 103
Trd, 863452.034, 115
Trd, 863452.268, 98
Trd, 863452.518, 115
Trd, 863454.118, 107
Trd, 863455.134, 112
Trd, 863455.518, 91
Trd, 863456.251, 104
Trd, 863456.734, 108
Trd, 863456.818, 110
Trd, 863457.034, 98
Trd, 863458.068, 116
Trd, 863458.501, 117
Trd, 863458.601, 121
Trd, 863458.668, 101
Trd, 863459.534, 99
Trd, 863459.634, 101
Trd, 863460.234, 110
Trd, 863460.918, 107
Trd, 863461.418, 98
Trd, 863461.568, 108
Trd, 863461.668, 109
Trd, 863462.334, 97
Trd, 863462.434, 98
Trd, 863462.451, 88
Trd, 863463.368, 102
Trd, 863463.918, 96
Trd, 863464.351, 90
Trd, 863464.551, 91
Trd, 863464.568, 93
Trd, 863464.584, 94
Trd, 863464.968, 108
Trd, 863465.118, 85
Trd, 863465.384, 109
Trd, 863465.451, 113
Trd, 863465.584, 116
Trd, 863466.001, 90
Trd, 863466.134, 117
Trd, 863467.434, 97
Trd, 863467.851, 93
Trd, 863469.118, 100
Trd, 863469.234, 101
Trd, 863469.668, 104
Trd, 863470.051, 105
Trd, 863470.301, 106
Trd, 863470.534, 105
Trd, 863471.218, 106
Trd, 863471.668, 116
Trd, 863472.034, 102
Trd, 863472.101, 108
Trd, 863472.701, 102
Trd, 863473.018, 97
Trd, 863474.401, 108
Trd, 863474.534, 110
Trd, 863474.801, 106
Trd, 863475.384, 99
Trd, 863475.601, 99
Trd, 863475.784, 111
Trd, 863476.151, 95
Trd, 863477.418, 104
Trd, 863478.218, 104
Trd, 863478.534, 104
Trd, 863478.551, 102
Trd, 863478.601, 92
Trd, 863478.634, 91
Trd, 863478.918, 116
Trd, 863479.001, 98
Trd, 863479.301, 95
Trd, 863479.534, 106
Trd, 863480.468, 116
Trd, 863481.018, 103
Trd, 863481.468, 102
Trd, 863481.734, 113
Trd, 863483.501, 114
Trd, 863483.551, 122
Trd, 863483.618, 91
Trd, 863484.051, 123
Trd, 863484.368, 109
Trd, 863485.184, 122
Trd, 863485.801, 103
Trd, 863486.318, 108
Trd, 863486.401, 108
Trd, 863486.901, 110
Trd, 863487.734, 96
Trd, 863487.784, 92
Trd, 863488.668, 98
Trd, 863488.701, 81
Trd, 863488.868, 99
Trd, 863489.001, 88
Trd, 863489.401, 100
Trd, 863489.934, 102
Trd, 863491.118, 107
Trd, 863491.551, 106
Trd, 863491.951, 105
Trd, 863492.268, 104
Trd, 863493.301, 98
Trd, 863493.934, 107
Trd, 863494.318, 105
Trd, 863494.384, 106
Trd, 863494.984, 112
Trd, 863495.868, 97
Trd, 863497.218, 105
Trd, 863497.901, 107
Trd, 863498.051, 107
Trd, 863498.301, 107
Trd, 863498.601, 104
Trd, 863499.101, 108
Trd, 863499.351, 100
Trd, 863499.784, 100
Trd, 863499.934, 96
Trd, 863500.401, 98
Trd, 863500.668, 107
Trd, 863500.868, 108
Trd, 863500.984, 111
Trd, 863501.751, 101
Trd, 863501.968, 117
Trd, 863502.168, 117
Trd, 863502.301, 104
Trd, 863502.384, 93
Trd, 863504.301, 110
Trd, 863504.534, 103
Trd, 863504.784, 111
Trd, 863504.868, 112
Trd, 863505.568, 102
Trd, 863505.834, 120
Trd, 863506.184, 98
Trd, 863506.268, 97
Trd, 863506.901, 116
Trd, 863506.951, 117
Trd, 863507.151, 104
Trd, 863507.234, 97
Trd, 863508.101, 108
Trd, 863509.484, 103
Trd, 863509.768, 103
Trd, 863510.051, 103
Trd, 863510.268, 102
Trd, 863510.301, 102
Trd, 863510.934, 119
Trd, 863511.601, 111
Trd, 863512.251, 102
Trd, 863512.951, 104
Trd, 863513.384, 97
Trd, 863513.918, 110
Trd, 863513.934, 111
Trd, 863515.184, 110
Trd, 863516.134, 105
Trd, 863516.584, 107
Trd, 863516.684, 108
Trd, 863516.718, 115
Trd, 863517.084, 98
Trd, 863517.368, 116
Trd, 863517.618, 101
Trd, 863517.868, 98
Trd, 863519.634, 104
Trd, 863519.751, 106
Trd, 863520.318, 96
Trd, 863520.651, 87
Trd, 863520.851, 99
Trd, 863521.184, 106
Trd, 863521.784, 109
Trd, 863523.234, 102
Trd, 863523.751, 102
Trd, 863523.901, 103
Trd, 863524.068, 110
Trd, 863524.684, 104
Trd, 863524.718, 97
Trd, 863525.368, 104
Trd, 863526.084, 92
Trd, 863526.534, 105
Trd, 863526.668, 105
Trd, 863527.068, 95
Trd, 863527.234, 92
Trd, 863527.734, 103
Trd, 863528.434, 97
Trd, 863529.401, 97
Trd, 863529.884, 102
Trd, 863530.018, 92
Trd, 863530.101, 85
Trd, 863530.268, 103
Trd, 863531.768, 89
Trd, 863532.251, 89
Trd, 863532.334, 89
Trd, 863532.801, 90
Trd, 863533.218, 110
Trd, 863533.234, 104
Trd, 863533.484, 109
Trd, 863533.884, 112
Trd, 863534.284, 98
Trd, 863534.701, 129
Trd, 863535.184, 86
Trd, 863535.251, 94
Trd, 863536.018, 112
Trd, 863536.284, 131
Trd, 863536.984, 104
Trd, 863537.184, 102
Trd, 863537.601, 104
Trd, 863537.884, 107
Trd, 863537.968, 108
Trd, 863538.118, 85
Trd, 863538.434, 105
Trd, 863539.184, 97
Trd, 863539.384, 88
Trd, 863540.184, 92
Trd, 863540.268, 93
Trd, 863540.318, 98
Trd, 863540.401, 109
Trd, 863541.251, 109
Trd, 863541.284, 116
Trd, 863541.618, 101
Trd, 863542.168, 100
Trd, 863542.701, 114
Trd, 863542.768, 110
Trd, 863543.151, 109
Trd, 863543.234, 110
Trd, 863543.418, 99
Trd, 863543.484, 76
Trd, 863543.701, 109
Trd, 863544.468, 101
Trd, 863544.484, 96
Trd, 863544.584, 103
Trd, 863545.518, 102
Trd, 863545.901, 103
Trd, 863546.451, 97
Trd, 863546.684, 102
Trd, 863546.801, 114
Trd, 863547.818, 99
Trd, 863548.168, 119
Trd, 863549.334, 110
Trd, 863549.418, 98
Trd, 863549.751, 103
Trd, 863550.134, 102
Trd, 863550.601, 117
Trd, 863550.801, 115
Trd, 863551.068, 122
Trd, 863551.418, 122
Trd, 863551.834, 99
Trd, 863552.134, 106
Trd, 863552.518, 98
Trd, 863553.101, 104
Trd, 863553.584, 126
Trd, 863553.768, 128
Trd, 863553.934, 98
Trd, 863554.634, 101
Trd, 863554.801, 84
Trd, 863554.851, 82
Trd, 863555.351, 102
Trd, 863556.101, 107
Trd, 863556.368, 109
Trd, 863556.468, 110
Trd, 863556.768, 96
Trd, 863557.801, 100
Trd, 863557.951, 106
Trd, 863557.968, 113
Trd, 863558.268, 114
Trd, 863558.351, 98
Trd, 863560.001, 105
Trd, 863560.418, 104
Trd, 863560.601, 110
Trd, 863561.118, 111
Trd, 863561.268, 116
Trd, 863561.451, 113
Trd, 863561.701, 116
Trd, 863562.268, 116
Trd, 863563.201, 111
Trd, 863563.368, 112
Trd, 863563.784, 105
Trd, 863564.051, 124
Trd, 863564.551, 96
Trd, 863564.601, 89
Trd, 863565.084, 91
Trd, 863565.184, 97
Trd, 863566.118, 116
Trd, 863566.251, 110
Trd, 863566.268, 125
Trd, 863566.434, 105
Trd, 863566.784, 104
Trd, 863566.868, 101
Trd, 863567.518, 111
Trd, 863569.151, 98
Trd, 863569.418, 81
Trd, 863569.684, 98
Trd, 863569.868, 98
Trd, 863570.434, 91
Trd, 863570.684, 93
Trd, 863571.301, 93
Trd, 863571.318, 94
Trd, 863571.618, 97
Trd, 863571.784, 98
Trd, 863572.684, 92
Trd, 863572.968, 116
Trd, 863573.134, 111
Trd, 863573.584, 113
Trd, 863573.984, 97
Trd, 863574.334, 94
Trd, 863575.234, 92
Trd, 863576.634, 95
Trd, 863577.018, 96
Trd, 863577.118, 88
Trd, 863577.218, 96
Trd, 863577.301, 92
Trd, 863577.684, 91
Trd, 863577.834, 98
Trd, 863578.118, 103
Trd, 863578.268, 98
Trd, 863578.601, 111
Trd, 863579.384, 85
Trd, 863579.618, 111
Trd, 863579.634, 112
Trd, 863579.934, 118
Trd, 863580.034, 94
Trd, 863581.084, 86
Trd, 863581.251, 87
Trd, 863581.518, 117
Trd, 863581.651, 118
Trd, 863582.351, 102
Trd, 863582.818, 98
Trd, 863582.901, 117
Trd, 863583.034, 95
Trd, 863583.734, 117
Trd, 863584.684, 108
Trd, 863584.768, 107
Trd, 863585.468, 116
Trd, 863585.501, 117
Trd, 863585.601, 118
Trd, 863587.034, 108
Trd, 863588.368, 104
Trd, 863588.501, 107
Trd, 863588.951, 98
Trd, 863589.168, 97
Trd, 863589.568, 108
Trd, 863589.918, 98
Trd, 863590.251, 99
Trd, 863590.668, 107
Trd, 863590.801, 109
Trd, 863591.101, 109
Trd, 863592.084, 99
Trd, 863592.318, 98
Trd, 863593.151, 108
Trd, 863593.801, 104
Trd, 863594.051, 109
Trd, 863594.251, 103
Trd, 863594.501, 102
Trd, 863594.618, 99
Trd, 863594.634, 109
Trd, 863594.651, 117
Trd, 863594.751, 90
Trd, 863595.084, 118
Trd, 863595.651, 93
Trd, 863596.884, 115
Trd, 863597.784, 111
Trd, 863598.018, 115
Trd, 863598.218, 121
Trd, 863599.434, 117
Trd, 863599.534, 105
Trd, 863599.768, 103
Trd, 863600.851, 112
Trd, 863601.151, 102
Trd, 863601.684, 106
Trd, 863602.401, 111
Trd, 863603.101, 114
Trd, 863603.218, 102
Trd, 863603.284, 100
Trd, 863603.518, 104
Trd, 863604.818, 100
Trd, 863604.901, 102
Trd, 863605.184, 104
Trd, 863605.318, 115
Trd, 863605.368, 100
Trd, 863605.701, 99
Trd, 863605.801, 107
Trd, 863606.301, 110
Trd, 863607.334, 98
Trd, 863607.551, 90
Trd, 863609.134, 107
Trd, 863609.184, 108
Trd, 863609.201, 109
Trd, 863609.318, 99
Trd, 863611.568, 106
Trd, 863611.668, 107
Trd, 863611.968, 102
Trd, 863612.168, 108
Trd, 863612.684, 106
Trd, 863612.818, 115
Trd, 863613.068, 96
Trd, 863613.751, 105
Trd, 863614.018, 87
Trd, 863614.101, 88
Trd, 863614.351, 91
Trd, 863614.484, 84
Trd, 863614.951, 105
Trd, 863615.034, 106
Trd, 863615.118, 109
Trd, 863615.318, 116
Trd, 863616.034, 111
Trd, 863616.784, 120
Trd, 863617.151, 108
Trd, 863617.384, 111
Trd, 863617.451, 100
Trd, 863618.001, 111
Trd, 863618.134, 104
Trd, 863618.401, 98
Trd, 863618.634, 120
Trd, 863618.901, 96
Trd, 863619.734, 100
Trd, 863619.751, 83
Trd, 863620.218, 86
Trd, 863620.284, 91
Trd, 863620.401, 98
Trd, 863621.051, 109
Trd, 863622.801, 95
Trd, 863623.034, 96
Trd, 863623.068, 97
Trd, 863623.268, 118
Trd, 863623.851, 114
Trd, 863624.901, 106
Trd, 863624.918, 105
Trd, 863625.351, 109
Trd, 863625.901, 103
Trd, 863625.934, 104
Trd, 863626.401, 97
Trd, 863626.868, 103
Trd, 863627.584, 97
Trd, 863627.918, 102
Trd, 863628.018, 96
Trd, 863628.818, 109
Trd, 863629.251, 103
Trd, 863629.618, 116
Trd, 863630.368, 116
Trd, 863630.451, 123
Trd, 863630.468, 90
Trd, 863631.251, 86
Trd, 863631.518, 91
Trd, 863632.251, 102
Trd, 863633.634, 98
Trd, 863634.418, 97
Trd, 863634.818, 96
Trd, 863634.868, 89
Trd, 863635.701, 98
Trd, 863635.834, 113
Trd, 863636.501, 90
Trd, 863636.768, 86
Trd, 863637.284, 90
Trd, 863637.418, 91
Trd, 863637.434, 110
Trd, 863637.918, 103
Trd, 863637.984, 100
Trd, 863639.584, 98
Trd, 863639.601, 105
Trd, 863640.101, 107
Trd, 863640.351, 107
Trd, 863640.651, 94
Trd, 863640.834, 93
Trd, 863640.884, 109
Trd, 863641.001, 116
Trd, 863642.601, 87
Trd, 863643.134, 109
Trd, 863643.734, 117
Trd, 863644.251, 102
Trd, 863644.501, 86
Trd, 863644.951, 99
Trd, 863645.284, 117
Trd, 863645.551, 127
Trd, 863645.901, 115
Trd, 863646.318, 111
Trd, 863646.734, 118
Trd, 863647.034, 115
Trd, 863647.468, 97
Trd, 863647.584, 100
Trd, 863647.934, 118
Trd, 863647.984, 119
Trd, 863649.134, 109
Trd, 863650.168, 106
Trd, 863650.601, 98
Trd, 863651.084, 85
Trd, 863651.901, 106
Trd, 863653.301, 120
Trd, 863653.851, 106
Trd, 863654.451, 113
Trd, 863654.551, 104
Trd, 863654.701, 104
Trd, 863655.201, 108
Trd, 863655.351, 103
Trd, 863655.434, 112
Trd, 863655.534, 91
Trd, 863656.584, 112
Trd, 863656.684, 104
Trd, 863657.034, 109
Trd, 863657.351, 105
Trd, 863657.418, 99
Trd, 863658.101, 101
Trd, 863658.651, 104
Trd, 863658.851, 105
Trd, 863659.301, 122
Trd, 863659.368, 123
Trd, 863659.718, 113
Trd, 863660.134, 98
Trd, 863660.534, 101
Trd, 863660.551, 99
Trd, 863661.334, 91
Trd, 863661.568, 100
Trd, 863661.751, 123
Trd, 863662.318, 107
Trd, 863663.368, 108
Trd, 863663.618, 115
Trd, 863664.401, 123
Trd, 863664.884, 106
Trd, 863665.351, 105
Trd, 863665.768, 103
Trd, 863666.734, 104
Trd, 863667.201, 105
Trd, 863667.451, 101
Trd, 863667.734, 100
Trd, 863668.368, 98
Trd, 863668.918, 110
Trd, 863668.984, 98
Trd, 863669.018, 113
Trd, 863669.218, 105
Trd, 863670.001, 107
Trd, 863670.201, 114
Trd, 863670.301, 103
Trd, 863670.401, 115
Trd, 863671.118, 117
Trd, 863672.068, 97
Trd, 863672.251, 111
Trd, 863672.434, 96
Trd, 863672.501, 82
Trd, 863673.301, 114
Trd, 863673.351, 115
Trd, 863673.518, 90
Trd, 863674.534, 114
Trd, 863674.851, 99
Trd, 863675.018, 98
Trd, 863675.984, 85
Trd, 863676.134, 92
Trd, 863676.151, 106
Trd, 863677.584, 85
Trd, 863678.051, 88
Trd, 863678.284, 99
Trd, 863678.451, 93
Trd, 863678.618, 84
Trd, 863679.251, 101
Trd, 863679.668, 101
Trd, 863680.134, 102
Trd, 863680.268, 107
Trd, 863680.668, 94
Trd, 863681.351, 106
Trd, 863681.484, 106
Trd, 863681.901, 104
Trd, 863681.918, 103
Trd, 863682.418, 113
Trd, 863683.051, 117
Trd, 863683.551, 103
Trd, 863683.801, 118
Trd, 863685.001, 95
Trd, 863685.284, 104
Trd, 863686.068, 101
Trd, 863686.818, 112
Trd, 863687.301, 108
Trd, 863687.768, 107
Trd, 863687.784, 107
Trd, 863688.268, 112
Trd, 863688.301, 98
Trd, 863689.584, 110
Trd, 863689.834, 103
Trd, 863689.951, 110
Trd, 863691.101, 107
Trd, 863691.318, 109
Trd, 863691.751, 106
Trd, 863691.968, 118
Trd, 863692.084, 98
Trd, 863692.784, 108
Trd, 863692.868, 109
Trd, 863693.601, 115
Trd, 863693.751, 116
Trd, 863693.768, 112
Trd, 863694.118, 112
Trd, 863694.218, 113
Trd, 863694.584, 104
Trd, 863694.601, 101
Trd, 863695.051, 98
Trd, 863695.484, 107
Trd, 863696.068, 104
Trd, 863696.568, 101
Trd, 863696.868, 98
Trd, 863696.934, 100
Trd, 863697.768, 97
Trd, 863698.001, 89
Trd, 863698.234, 102
Trd, 863698.518, 102
Trd, 863698.918, 79
Trd, 863698.951, 113
Trd, 863699.618, 80
Trd, 863699.768, 81
Trd, 863699.934, 107
Trd, 863700.601, 113
Trd, 863701.284, 115
Trd, 863701.618, 122
Trd, 863701.868, 116
Trd, 863702.501, 94
Trd, 863702.584, 107
Trd, 863703.101, 120
Trd, 863703.401, 105
Trd, 863703.651, 117
Trd, 863703.918, 116
Trd, 863704.451, 104
Trd, 863704.584, 101
Trd, 863705.351, 122
Trd, 863705.501, 89
Trd, 863705.668, 122
Trd, 863706.051, 104
Trd, 863707.134, 107
Trd, 863707.184, 110
Trd, 863707.751, 111
Trd, 863707.934, 112
Trd, 863708.018, 99
Trd, 863710.018, 110
Trd, 863710.368, 112
Trd, 863710.734, 111
Trd, 863711.518, 107
Trd, 863711.768, 113
Trd, 863711.934, 104
Trd, 863712.284, 104
Trd, 863712.634, 103
Trd, 863713.018, 111
Trd, 863713.468, 117
Trd, 863714.068, 120
Trd, 863714.184, 97
Trd, 863715.518, 99
Trd, 863716.668, 95
Trd, 863716.684, 96
Trd, 863717.001, 97
Trd, 863717.084, 108
Trd, 863717.251, 80
Trd, 863717.718, 113
Trd, 863718.551, 110
Trd, 863718.884, 103
Trd, 863718.901, 90
Trd, 863719.651, 112
Trd, 863719.668, 100
Trd, 863719.801, 112
Trd, 863720.418, 99
Trd, 863721.551, 97
Trd, 863722.501, 107
Trd, 863722.534, 109
Trd, 863722.618, 112
Trd, 863722.751, 98
Trd, 863723.468, 114
Trd, 863724.351, 100
Trd, 863724.434, 93
Trd, 863724.718, 112
Trd, 863724.734, 89
Trd, 863725.934, 108
Trd, 863726.534, 108
Trd, 863727.118, 105
Trd, 863727.751, 104
Trd, 863727.784, 107
Trd, 863728.501, 103
Trd, 863728.801, 101
Trd, 863729.634, 108
Trd, 863730.051, 109
Trd, 863730.601, 111
Trd, 863730.618, 110
Trd, 863731.084, 97
Trd, 863731.918, 111
Trd, 863732.101, 105
Trd, 863732.634, 108
Trd, 863733.368, 96
Trd, 863733.668, 93
Trd, 863733.851, 103
Trd, 863733.868, 79
Trd, 863734.218, 103
Trd, 863734.701, 98
Trd, 863734.868, 105
Trd, 863735.918, 100
Trd, 863735.968, 101
Trd, 863736.434, 93
Trd, 863737.768, 116
Trd, 863737.801, 100
Trd, 863738.768, 102
Trd, 863739.234, 115
Trd, 863739.418, 105
Trd, 863739.901, 107
Trd, 863739.968, 125
Trd, 863740.301, 123
Trd, 863740.718, 117
Trd, 863740.934, 113
Trd, 863741.251, 125
Trd, 863742.268, 116
Trd, 863742.668, 104
Trd, 863743.451, 100
Trd, 863745.401, 102
Trd, 863745.451, 98
Trd, 863745.601, 100
Trd, 863745.918, 102
Trd, 863746.184, 103
Trd, 863747.234, 103
Trd, 863747.901, 103
Trd, 863747.951, 102
Trd, 863748.418, 111
Trd, 863748.501, 116
Trd, 863748.684, 99
Trd, 863750.084, 88
Trd, 863750.218, 86
Trd, 863750.751, 85
Trd, 863750.884, 94
Trd, 863751.468, 92
Trd, 863751.668, 100
Trd, 863752.034, 97
Trd, 863752.234, 93
Trd, 863752.334, 99
Trd, 863752.601, 86
Trd, 863753.184, 100
Trd, 863754.018, 104
Trd, 863754.118, 98
Trd, 863754.584, 101
Trd, 863755.484, 100
Trd, 863755.968, 91
Trd, 863756.068, 97
Trd, 863756.468, 86
Trd, 863757.301, 99
Trd, 863757.568, 98
Trd, 863758.051, 97
Trd, 863758.084, 98
Trd, 863759.284, 109
Trd, 863759.618, 95
Trd, 863760.101, 108
Trd, 863760.368, 108
Trd, 863760.684, 89
Trd, 863760.784, 108
Trd, 863761.051, 94
Trd, 863761.134, 105
Trd, 863761.468, 77
Trd, 863761.868, 113
Trd, 863762.434, 108
Trd, 863762.668, 92
Trd, 863763.734, 111
Trd, 863763.968, 112
Trd, 863764.634, 115
Trd, 863764.818, 100
Trd, 863765.368, 116
Trd, 863765.901, 96
Trd, 863766.001, 121
Trd, 863766.318, 115
Trd, 863766.418, 117
Trd, 863767.101, 103
Trd, 863767.634, 104
Trd, 863768.001, 112
Trd, 863768.284, 100
Trd, 863768.801, 81
Trd, 863769.018, 92
Trd, 863769.468, 102
Trd, 863769.534, 103
Trd, 863769.801, 104
Trd, 863769.868, 105
Trd, 863770.684, 98
Trd, 863770.818, 109
Trd, 863771.568, 99
Trd, 863772.718, 111
Trd, 863772.834, 112
Trd, 863773.384, 119
Trd, 863773.634, 115
Trd, 863773.718, 125
Trd, 863773.734, 128
Trd, 863773.918, 104
Trd, 863774.818, 117
Trd, 863775.184, 115
Trd, 863775.268, 116
Trd, 863775.551, 111
Trd, 863775.568, 97
Trd, 863775.884, 83
Trd, 863776.568, 121
Trd, 863777.634, 103
Trd, 863777.901, 97
Trd, 863778.034, 110
Trd, 863778.134, 91
Trd, 863778.301, 118
Trd, 863778.418, 121
Trd, 863778.718, 108
Trd, 863779.301, 111
Trd, 863779.768, 93
Trd, 863780.518, 112
Trd, 863780.701, 117
Trd, 863780.984, 86
Trd, 863781.034, 94
Trd, 863781.134, 104
Trd, 863781.168, 80
Trd, 863781.284, 125
Trd, 863781.668, 99
Trd, 863782.651, 101
Trd, 863783.051, 104
Trd, 863783.251, 108
Trd, 863783.701, 97
Trd, 863784.901, 103
Trd, 863784.934, 103
Trd, 863785.034, 103
Trd, 863785.284, 104
Trd, 863785.401, 110
Trd, 863786.034, 115
Trd, 863786.118, 118
Trd, 863786.368, 107
Trd, 863786.484, 102
Trd, 863787.034, 100
Trd, 863787.368, 123
Trd, 863788.101, 98
Trd, 863788.951, 101
Trd, 863788.984, 103
Trd, 863789.318, 118
Trd, 863790.218, 109
Trd, 863790.501, 119
Trd, 863791.251, 109
Trd, 863791.318, 107
Trd, 863791.784, 93
Trd, 863792.518, 102
Trd, 863792.768, 110
Trd, 863793.401, 94
Trd, 863793.451, 88
Trd, 863793.501, 84
Trd, 863793.934, 108
Trd, 863794.418, 110
Trd, 863794.718, 97
Trd, 863794.934, 102
Trd, 863795.084, 110
Trd, 863795.268, 117
Trd, 863795.568, 98
Trd, 863795.734, 120
Trd, 863796.068, 117
Trd, 863796.418, 96
Trd, 863796.684, 82
Trd, 863797.034, 98
Trd, 863797.134, 112
Trd, 863798.251, 112
Trd, 863798.501, 104
Trd, 863799.268, 113
Trd, 863799.518, 116
Trd, 863800.234, 104
Trd, 863800.384, 110
Trd, 863800.651, 93
Trd, 863802.101, 91
Trd, 863802.601, 96
Trd, 863803.001, 104
Trd, 863803.268, 104
Trd, 863803.901, 93
Trd, 863803.951, 94
Trd, 863804.418, 101
Trd, 863804.618, 101
Trd, 863804.768, 93
Trd, 863805.018, 102
Trd, 863805.184, 110
Trd, 863805.318, 99
Trd, 863805.384, 103
Trd, 863805.834, 111
Trd, 863806.468, 98
Trd, 863807.318, 104
Trd, 863807.651, 112
Trd, 863807.818, 101
Trd, 863808.284, 117
Trd, 863809.384, 105
Trd, 863810.484, 102
Trd, 863810.834, 102
Trd, 863811.001, 102
Trd, 863811.234, 108
Trd, 863811.501, 108
Trd, 863811.868, 98
Trd, 863812.518, 99
Trd, 863813.434, 93
Trd, 863813.518, 83
Trd, 863814.118, 94
Trd, 863814.184, 95
Trd, 863814.734, 94
Trd, 863815.918, 104
Trd, 863816.151, 106
Trd, 863816.184, 103
Trd, 863816.201, 110
Trd, 863816.401, 98
Trd, 863816.751, 91
Trd, 863816.768, 93
Trd, 863817.018, 110
Trd, 863817.368, 116
Trd, 863817.634, 120
Trd, 863817.851, 121
Trd, 863818.901, 108
Trd, 863819.051, 100
Trd, 863819.318, 99
Trd, 863819.668, 104
Trd, 863819.968, 97
Trd, 863820.601, 80
Trd, 863820.818, 108
Trd, 863821.734, 98
Trd, 863821.751, 95
Trd, 863822.101, 103
Trd, 863822.384, 106
Trd, 863822.784, 109
Trd, 863822.901, 116
Trd, 863823.334, 114
Trd, 863824.034, 109
Trd, 863824.268, 96
Trd, 863824.751, 88
Trd, 863825.284, 87
Trd, 863825.618, 104
Trd, 863825.651, 103
Trd, 863825.801, 98
Trd, 863827.734, 95
Trd, 863827.868, 96
Trd, 863828.434, 103
Trd, 863828.601, 100
Trd, 863828.768, 104
Trd, 863828.851, 100
Trd, 863828.884, 105
Trd, 863829.134, 108
Trd, 863829.301, 113
Trd, 863829.368, 100
Trd, 863829.634, 121
Trd, 863829.801, 123
Trd, 863830.768, 95
Trd, 863830.918, 107
Trd, 863831.668, 116
Trd, 863831.884, 117
Trd, 863833.451, 106
Trd, 863833.584, 108
Trd, 863834.051, 98
Trd, 863834.718, 106
Trd, 863834.801, 113
Trd, 863835.668, 97
Trd, 863835.751, 95
Trd, 863836.968, 110
Trd, 863837.018, 112
Trd, 863837.718, 104
Trd, 863838.601, 107
Trd, 863838.801, 108
Trd, 863839.384, 109
Trd, 863839.484, 104
Trd, 863839.918, 109
Trd, 863840.534, 108
Trd, 863840.784, 101
Trd, 863841.234, 105
Trd, 863841.301, 106
Trd, 863841.434, 104
Trd, 863841.468, 101
Trd, 863841.684, 97
Trd, 863842.784, 118
Trd, 863843.168, 118
Trd, 863843.484, 101
Trd, 863844.218, 114
Trd, 863844.318, 115
Trd, 863845.334, 113
Trd, 863845.934, 105
Trd, 863846.151, 110
Trd, 863846.268, 96
Trd, 863846.518, 108
Trd, 863848.184, 102
Trd, 863848.334, 104
Trd, 863848.468, 105
Trd, 863848.701, 99
Trd, 863848.918, 110
Trd, 863848.951, 104
Trd, 863849.468, 114
Trd, 863850.134, 113
Trd, 863850.651, 114
Trd, 863850.684, 102
Trd, 863851.901, 100
Trd, 863852.284, 102
Trd, 863852.501, 113
Trd, 863853.134, 115
Trd, 863853.184, 107
Trd, 863853.951, 123
Trd, 863854.001, 112
Trd, 863854.118, 104
Trd, 863855.718, 104
Trd, 863855.851, 96
Trd, 863856.184, 110
Trd, 863856.384, 112
Trd, 863856.468, 99
Trd, 863857.018, 103
Trd, 863858.084, 103
Trd, 863858.151, 110
Trd, 863858.184, 98
Trd, 863858.718, 99
Trd, 863858.751, 100
Trd, 863859.334, 115
Trd, 863859.434, 115
Trd, 863859.668, 98
Trd, 863860.201, 114
Trd, 863860.518, 115
Trd, 863861.618, 112
Trd, 863862.101, 97
Trd, 863862.201, 113
Trd, 863862.701, 94
Trd, 863862.751, 96
Trd, 863863.118, 115
Trd, 863863.384, 125
Trd, 863863.551, 126
Trd, 863863.901, 120
Trd, 863864.718, 104
Trd, 863864.851, 98
Trd, 863865.851, 107
Trd, 863866.051, 106
Trd, 863867.451, 107
Trd, 863867.834, 98
Trd, 863868.618, 104
Trd, 863868.734, 105
Trd, 863868.751, 98
Trd, 863868.851, 93
Trd, 863869.134, 108
Trd, 863869.768, 84
Trd, 863870.318, 110
Trd, 863870.418, 114
Trd, 863870.984, 107
Trd, 863871.434, 109
Trd, 863871.568, 104
Trd, 863872.284, 115
Trd, 863872.934, 120
Trd, 863872.968, 101
Trd, 863874.634, 107
Trd, 863874.751, 109
Trd, 863874.768, 110
Trd, 863875.751, 107
Trd, 863875.768, 105
Trd, 863875.834, 97
Trd, 863876.034, 92
Trd, 863876.384, 81
Trd, 863876.534, 80
Trd, 863876.668, 97
Trd, 863876.784, 80
Trd, 863877.051, 110
Trd, 863877.984, 112
Trd, 863878.218, 111
Trd, 863878.451, 111
Trd, 863879.018, 110
Trd, 863879.234, 104
Trd, 863879.934, 110
Trd, 863880.301, 98
Trd, 863881.118, 115
Trd, 863881.618, 96
Trd, 863881.834, 83
Trd, 863882.301, 112
Trd, 863882.618, 90
Trd, 863883.351, 116
Trd, 863883.401, 105
Trd, 863883.868, 108
Trd, 863883.951, 116
Trd, 863884.701, 110
Trd, 863885.134, 104
Trd, 863886.018, 109
Trd, 863886.068, 112
Trd, 863886.284, 115
Trd, 863886.368, 104
Trd, 863887.084, 107
Trd, 863887.184, 105
Trd, 863887.584, 102
Trd, 863887.951, 100
Trd, 863888.868, 106
Trd, 863889.001, 106
Trd, 863889.284, 103
Trd, 863889.684, 100
Trd, 863889.734, 103
Trd, 863891.118, 103
Trd, 863891.318, 99
Trd, 863892.501, 95
Trd, 863892.634, 92
Trd, 863893.084, 104
Trd, 863893.101, 98
Trd, 863893.634, 104
Trd, 863893.984, 93
Trd, 863894.134, 105
Trd, 863894.368, 106
Trd, 863894.884, 113
Trd, 863894.901, 100
Trd, 863895.901, 109
Trd, 863896.901, 108
Trd, 863897.584, 105
Trd, 863898.101, 104
Trd, 863898.234, 114
Trd, 863898.584, 115
Trd, 863898.951, 120
Trd, 863899.718, 98
Trd, 863899.934, 117
Trd, 863899.984, 91
Trd, 863900.051, 86
Trd, 863900.601, 103
Trd, 863900.618, 111
Trd, 863901.101, 109
Trd, 863901.484, 107
Trd, 863901.718, 105
Trd, 863902.618, 106
Trd, 863902.684, 109
Trd, 863902.784, 116
Trd, 863903.201, 106
Trd, 863904.051, 117
Trd, 863904.068, 115
Trd, 863905.034, 104
Trd, 863905.601, 108
Trd, 863906.168, 98
Trd, 863906.684, 106
Trd, 863906.801, 101
Trd, 863907.118, 95
Trd, 863907.168, 100
Trd, 863908.018, 82
Trd, 863908.184, 105
Trd, 863909.568, 106
Trd, 863909.818, 103
Trd, 863910.634, 103
Trd, 863910.768, 104
Trd, 863911.551, 105
Trd, 863911.718, 108
Trd, 863911.901, 110
Trd, 863912.018, 105
Trd, 863912.201, 111
Trd, 863912.384, 115
Trd, 863912.551, 124
Trd, 863913.268, 109
Trd, 863913.351, 110
Trd, 863914.201, 118
Trd, 863914.684, 104
Trd, 863914.751, 97
Trd, 863914.801, 96
Trd, 863915.784, 110
Trd, 863915.918, 103
Trd, 863916.868, 102
Trd, 863917.468, 79
Trd, 863917.984, 121
Trd, 863918.218, 101
Trd, 863918.568, 103
Trd, 863918.701, 114
Trd, 863918.801, 98
Trd, 863918.984, 114
Trd, 863920.018, 115
Trd, 863920.551, 101
Trd, 863920.618, 113
Trd, 863921.168, 99
Trd, 863921.501, 97
Trd, 863922.368, 98
Trd, 863923.451, 87
Trd, 863923.534, 92
Trd, 863923.568, 93
Trd, 863923.951, 105
Trd, 863924.418, 105
Trd, 863924.551, 94
Trd, 863924.718, 110
Trd, 863925.284, 110
Trd, 863925.901, 115
Trd, 863925.984, 123
Trd, 863926.634, 125
Trd, 863927.951, 104
Trd, 863928.018, 104
Trd, 863928.251, 107
Trd, 863928.368, 101
Trd, 863928.734, 102
Trd, 863929.418, 105
Trd, 863929.834, 102
Trd, 863930.001, 103
Trd, 863930.734, 105
Trd, 863931.351, 109
Trd, 863932.034, 114
Trd, 863932.051, 104
Trd, 863932.234, 115
Trd, 863932.368, 117
Trd, 863933.734, 99
Trd, 863933.984, 101
Trd, 863934.318, 106
Trd, 863935.184, 110
Trd, 863935.668, 101
Trd, 863936.218, 119
Trd, 863936.451, 99
Trd, 863936.668, 110
Trd, 863936.801, 109
Trd, 863937.068, 84
Trd, 863937.184, 83
Trd, 863937.684, 104
Trd, 863938.551, 104
Trd, 863939.084, 115
Trd, 863939.984, 117
Trd, 863940.201, 104
Trd, 863941.034, 103
Trd, 863942.101, 108
Trd, 863942.251, 95
Trd, 863942.351, 102
Trd, 863942.651, 98
Trd, 863942.784, 107
Trd, 863943.518, 83
Trd, 863943.768, 84
Trd, 863943.951, 108
Trd, 863944.784, 112
Trd, 863945.418, 104
Trd, 863945.884, 82
Trd, 863946.201, 96
Trd, 863946.684, 97
Trd, 863947.351, 100
Trd, 863947.601, 101
Trd, 863947.751, 98
Trd, 863948.401, 107
Trd, 863949.118, 99
Trd, 863949.684, 103
Trd, 863950.068, 115
Trd, 863951.184, 110
Trd, 863952.151, 104
Trd, 863952.168, 103
Trd, 863953.068, 100
Trd, 863953.234, 106
Trd, 863953.918, 106
Trd, 863953.968, 98
Trd, 863954.768, 103
Trd, 863955.518, 103
Trd, 863955.651, 100
Trd, 863956.434, 102
Trd, 863956.601, 103
Trd, 863956.851, 97
Trd, 863956.984, 110
Trd, 863957.334, 115
Trd, 863958.101, 98
Trd, 863958.184, 99
Trd, 863958.218, 98
Trd, 863958.334, 96
Trd, 863959.118, 109
Trd, 863959.601, 110
Trd, 863960.351, 110
Trd, 863960.468, 115
Trd, 863960.618, 105
Trd, 863961.451, 103
Trd, 863961.534, 117
Trd, 863961.601, 103
Trd, 863962.801, 117
Trd, 863964.618, 117
Trd, 863964.868, 110
Trd, 863965.318, 107
Trd, 863965.701, 100
Trd, 863965.918, 102
Trd, 863965.968, 110
Trd, 863966.168, 115
Trd, 863966.401, 104
Trd, 863966.734, 109
Trd, 863966.851, 106
Trd, 863967.201, 93
Trd, 863967.534, 115
Trd, 863967.968, 98
Trd, 863968.068, 103
Trd, 863968.384, 101
Trd, 863968.968, 113
Trd, 863969.334, 111
Trd, 863970.834, 115
Trd, 863970.951, 117
Trd, 863971.234, 98
Trd, 863972.301, 85
Trd, 863972.868, 108
Trd, 863972.901, 111
Trd, 863972.951, 112
Trd, 863973.384, 103
Trd, 863973.901, 117
Trd, 863974.034, 101
Trd, 863974.601, 101
Trd, 863975.551, 102
Trd, 863976.551, 106
Trd, 863977.684, 106
Trd, 863978.584, 116
Trd, 863979.101, 109
Trd, 863979.534, 105
Trd, 863979.668, 103
Trd, 863980.034, 104
Trd, 863980.218, 109
Trd, 863980.301, 110
Trd, 863980.351, 97
Trd, 863980.818, 110
Trd, 863981.968, 96
Trd, 863982.601, 107
Trd, 863982.751, 101
Trd, 863983.001, 108
Trd, 863983.084, 108
Trd, 863983.634, 99
Trd, 863985.018, 105
Trd, 863985.034, 117
Trd, 863985.118, 120
Trd, 863985.301, 114
Trd, 863985.334, 99
Trd, 863985.984, 121
Trd, 863986.518, 115
Trd, 863987.768, 104
Trd, 863987.801, 97
Trd, 863988.718, 103
Trd, 863988.918, 111
Trd, 863989.301, 109
Trd, 863989.351, 96
Trd, 863989.584, 83
Trd, 863989.868, 111
Trd, 863989.901, 114
Trd, 863990.818, 109
Trd, 863991.101, 117
Trd, 863992.234, 102
Trd, 863992.434, 107
Trd, 863992.484, 111
Trd, 863993.934, 98
Trd, 863994.301, 99
Trd, 863995.268, 85
Trd, 863995.334, 92
Trd, 863995.551, 100
Trd, 863995.868, 100
Trd, 863996.284, 117
Trd, 863997.001, 115
Trd, 863997.284, 121
Trd, 863997.718, 98
Trd, 863997.868, 121
Trd, 863998.118, 117
Trd, 863998.384, 104
Trd, 863999.701, 103
