Trd, 863336.218, 91
Trd, 863336.534, 97
Trd, 863336.734, 98
Trd, 863336.801, 94
Trd, 863337.368, 97
Trd, 863337.601, 101
Trd, 863337.634, 94
Trd, 863338.368, 104
Trd, 863338.401, 94
Trd, 863339.118, 100
Trd, 863339.301, 100
Trd, 863339.351, 101
Trd, 863339.484, 111
Trd, 863339.684, 95
Trd, 863340.168, 103
Trd, 863340.434, 120
Trd, 863340.518, 102
Trd, 863340.751, 103
Trd, 863341.134, 117
Trd, 863342.368, 107
Trd, 863342.468, 108
Trd, 863342.634, 109
Trd, 863343.234, 107
Trd, 863343.551, 106
Trd, 863344.684, 104
Trd, 863345.218, 104
Trd, 863345.234, 105
Trd, 863345.301, 100
Trd, 863345.334, 108
Trd, 863345.751, 106
Trd, 863345.901, 110
Trd, 863346.168, 107
Trd, 863346.501, 107
Trd, 863346.634, 110
Trd, 863346.784, 108
Trd, 863346.968, 106
Trd, 863347.901, 99
Trd, 863347.984, 95
Trd, 863348.284, 102
Trd, 863348.518, 109
Trd, 863348.818, 93
Trd, 863348.851, 92
Trd, 863348.918, 90
Trd, 863349.901, 107
Trd, 863349.951, 102
Trd, 863350.318, 101
Trd, 863350.684, 88
Trd, 863351.701, 95
Trd, 863351.818, 94
Trd, 863351.851, 93
Trd, 863351.918, 83
Trd, 863352.034, 95
Trd, 863352.401, 96
Trd, 863352.501, 98
Trd, 863352.984, 88
Trd, 863353.068, 104
Trd, 863354.184, 103
Trd, 863354.251, 104
Trd, 863354.801, 112
Trd, 863354.951, 102
Trd, 863355.318, 103
Trd, 863355.718, 106
Trd, 863355.901, 114
Trd, 863355.984, 101
Trd, 863356.218, 115
Trd, 863356.284, 93
Trd, 863356.418, 114
Trd, 863356.918, 93
Trd, 863357.568, 105
Trd, 863357.651, 112
Trd, 863357.851, 104
Trd, 863358.568, 98
Trd, 863358.634, 93
Trd, 863358.668, 111
Trd, 863358.751, 90
Trd, 863359.118, 80
Trd, 863360.668, 100
Trd, 863360.768, 107
Trd, 863361.268, 100
Trd, 863361.818, 101
Trd, 863361.834, 100
Trd, 863361.984, 100
Trd, 863362.201, 108
Trd, 863362.884, 102
Trd, 863362.918, 103
Trd, 863363.168, 104
Trd, 863363.434, 109
Trd, 863363.484, 112
Trd, 863364.051, 104
Trd, 863364.301, 103
Trd, 863365.234, 106
Trd, 863365.901, 105
Trd, 863366.168, 101
Trd, 863366.434, 105
Trd, 863366.601, 106
Trd, 863366.901, 100
Trd, 863367.134, 108
Trd, 863367.668, 105
Trd, 863368.151, 104
Trd, 863368.184, 104
Trd, 863368.234, 105
Trd, 863368.418, 106
Trd, 863368.968, 106
Trd, 863369.151, 107
Trd, 863369.168, 99
Trd, 863369.301, 93
Trd, 863369.634, 106
Trd, 863369.734, 92
Trd, 863370.801, 104
Trd, 863370.968, 96
Trd, 863371.018, 105
Trd, 863371.201, 104
Trd, 863371.634, 93
Trd, 863372.034, 95
Trd, 863372.268, 92
Trd, 863372.301, 91
Trd, 863372.784, 104
Trd, 863373.101, 105
Trd, 863373.318, 106
Trd, 863373.418, 102
Trd, 863373.518, 109
Trd, 863373.634, 112
Trd, 863373.934, 101
Trd, 863374.034, 93
Trd, 863374.168, 106
Trd, 863375.101, 101
Trd, 863375.901, 88
Trd, 863376.418, 98
Trd, 863377.168, 97
Trd, 863377.634, 96
Trd, 863377.668, 91
Trd, 863377.834, 97
Trd, 863378.334, 100
Trd, 863378.801, 94
Trd, 863379.051, 97
Trd, 863379.368, 94
Trd, 863379.801, 95
Trd, 863379.851, 100
Trd, 863379.884, 101
Trd, 863380.201, 102
Trd, 863380.518, 103
Trd, 863381.768, 104
Trd, 863382.001, 106
Trd, 863382.234, 106
Trd, 863382.251, 105
Trd, 863382.301, 105
Trd, 863382.668, 109
Trd, 863382.734, 104
Trd, 863382.851, 99
Trd, 863382.884, 99
Trd, 863382.984, 111
Trd, 863383.268, 108
Trd, 863383.734, 98
Trd, 863384.168, 107
Trd, 863384.251, 93
Trd, 863384.368, 106
Trd, 863385.118, 88
Trd, 863385.618, 89
Trd, 863385.868, 106
Trd, 863387.301, 93
Trd, 863387.351, 98
Trd, 863387.384, 90
Trd, 863387.434, 87
Trd, 863387.951, 98
Trd, 863388.018, 97
Trd, 863388.168, 97
Trd, 863388.501, 94
Trd, 863388.534, 98
Trd, 863389.534, 104
Trd, 863389.634, 89
Trd, 863390.084, 107
Trd, 863390.401, 109
Trd, 863390.601, 107
Trd, 863390.784, 92
Trd, 863391.318, 101
Trd, 863391.351, 94
Trd, 863391.534, 101
Trd, 863391.734, 110
Trd, 863392.101, 93
Trd, 863392.618, 98
Trd, 863392.918, 95
Trd, 863393.084, 79
Trd, 863393.134, 94
Trd, 863393.601, 93
Trd, 863393.651, 94
Trd, 863393.701, 110
Trd, 863393.968, 112
Trd, 863394.501, 116
Trd, 863394.951, 89
Trd, 863395.018, 104
Trd, 863395.368, 83
Trd, 863396.168, 93
Trd, 863396.634, 99
Trd, 863397.084, 103
Trd, 863398.001, 104
Trd, 863398.301, 102
Trd, 863398.818, 104
Trd, 863398.951, 105
Trd, 863399.051, 106
Trd, 863399.218, 105
Trd, 863399.284, 108
Trd, 863399.684, 105
Trd, 863399.818, 104
Trd, 863399.934, 104
Trd, 863400.318, 102
Trd, 863400.434, 101
Trd, 863400.868, 99
Trd, 863401.551, 99
Trd, 863402.001, 101
Trd, 863402.234, 100
Trd, 863402.734, 98
Trd, 863402.751, 93
Trd, 863402.801, 99
Trd, 863403.301, 100
Trd, 863403.518, 109
Trd, 863403.851, 116
Trd, 863404.118, 106
Trd, 863404.251, 101
Trd, 863404.468, 100
Trd, 863405.351, 104
Trd, 863405.518, 105
Trd, 863405.551, 92
Trd, 863405.751, 91
Trd, 863406.334, 107
Trd, 863406.568, 106
Trd, 863406.868, 101
Trd, 863407.401, 100
Trd, 863407.601, 101
Trd, 863407.684, 102
Trd, 863407.718, 107
Trd, 863408.768, 101
Trd, 863408.934, 101
Trd, 863409.184, 104
Trd, 863409.534, 101
Trd, 863409.684, 109
Trd, 863409.851, 101
Trd, 863410.034, 99
Trd, 863411.018, 103
Trd, 863411.384, 101
Trd, 863411.784, 99
Trd, 863412.468, 103
Trd, 863412.501, 100
Trd, 863412.618, 98
Trd, 863412.634, 93
Trd, 863413.118, 87
Trd, 863413.434, 101
Trd, 863413.551, 102
Trd, 863414.068, 104
Trd, 863414.884, 98
Trd, 863415.168, 97
Trd, 863415.351, 96
Trd, 863415.434, 97
Trd, 863415.501, 98
Trd, 863415.518, 101
Trd, 863415.751, 106
Trd, 863416.101, 110
Trd, 863416.151, 106
Trd, 863417.201, 96
Trd, 863417.218, 94
Trd, 863417.401, 93
Trd, 863417.568, 103
Trd, 863417.734, 90
Trd, 863418.451, 92
Trd, 863418.568, 104
Trd, 863418.601, 106
Trd, 863419.051, 108
Trd, 863419.118, 109
Trd, 863419.184, 112
Trd, 863419.284, 94
Trd, 863419.634, 83
Trd, 863419.651, 112
Trd, 863421.634, 102
Trd, 863421.651, 103
Trd, 863421.818, 101
Trd, 863421.901, 100
Trd, 863422.318, 95
Trd, 863422.384, 90
Trd, 863422.784, 100
Trd, 863422.934, 87
Trd, 863423.334, 81
Trd, 863423.484, 100
Trd, 863423.784, 89
Trd, 863424.201, 80
Trd, 863424.801, 99
Trd, 863425.101, 79
Trd, 863425.301, 81
Trd, 863426.034, 83
Trd, 863426.551, 83
Trd, 863426.568, 84
Trd, 863426.834, 87
Trd, 863427.018, 93
Trd, 863427.101, 83
Trd, 863427.118, 104
Trd, 863427.634, 106
Trd, 863428.001, 109
Trd, 863428.584, 110
Trd, 863428.618, 108
Trd, 863429.068, 108
Trd, 863429.251, 112
Trd, 863430.151, 108
Trd, 863430.251, 100
Trd, 863431.018, 103
Trd, 863431.418, 99
Trd, 863431.818, 99
Trd, 863431.968, 98
Trd, 863432.051, 101
Trd, 863432.568, 102
Trd, 863433.084, 101
Trd, 863433.151, 93
Trd, 863433.234, 105
Trd, 863433.868, 102
Trd, 863434.318, 104
Trd, 863434.434, 96
Trd, 863435.268, 97
Trd, 863435.901, 91
Trd, 863435.951, 103
Trd, 863436.201, 103
Trd, 863436.268, 90
Trd, 863436.651, 104
Trd, 863437.118, 104
Trd, 863437.218, 104
Trd, 863437.251, 106
Trd, 863437.418, 101
Trd, 863437.518, 92
Trd, 863437.734, 109
Trd, 863438.068, 84
Trd, 863438.501, 91
Trd, 863438.634, 85
Trd, 863439.518, 108
Trd, 863440.034, 104
Trd, 863440.068, 90
Trd, 863441.718, 96
Trd, 863441.818, 97
Trd, 863441.851, 98
Trd, 863441.934, 98
Trd, 863441.951, 95
Trd, 863442.218, 104
Trd, 863442.768, 97
Trd, 863442.818, 103
Trd, 863442.868, 96
Trd, 863443.401, 88
Trd, 863443.718, 104
Trd, 863443.951, 105
Trd, 863444.168, 105
Trd, 863445.518, 95
Trd, 863445.634, 101
Trd, 863445.651, 102
Trd, 863445.818, 95
Trd, 863445.868, 103
Trd, 863446.151, 104
Trd, 863446.568, 105
Trd, 863446.684, 106
Trd, 863447.351, 98
Trd, 863447.934, 103
Trd, 863448.234, 99
Trd, 863448.668, 97
Trd, 863448.718, 102
Trd, 863449.001, 96
Trd, 863449.118, 102
Trd, 863449.384, 94
Trd, 863449.418, 93
Trd, 863449.801, 91
Trd, 863449.951, 107
Trd, 863450.501, 117
Trd, 863451.618, 103
Trd, 863452.268, 92
Trd, 863452.618, 113
Trd, 863453.201, 103
Trd, 863453.268, 111
Trd, 863453.434, 103
Trd, 863453.584, 109
Trd, 863453.784, 102
Trd, 863453.834, 101
Trd, 863453.851, 92
Trd, 863454.451, 106
Trd, 863454.618, 101
Trd, 863454.884, 107
Trd, 863455.568, 90
Trd, 863455.901, 104
Trd, 863456.101, 105
Trd, 863456.751, 102
Trd, 863456.934, 101
Trd, 863457.084, 104
Trd, 863458.284, 102
Trd, 863458.368, 100
Trd, 863458.434, 99
Trd, 863458.601, 105
Trd, 863458.768, 108
Trd, 863459.518, 109
Trd, 863459.601, 110
Trd, 863459.684, 112
Trd, 863459.901, 102
Trd, 863460.251, 112
Trd, 863460.334, 92
Trd, 863460.368, 91
Trd, 863460.901, 111
Trd, 863461.368, 111
Trd, 863461.634, 112
Trd, 863461.901, 110
Trd, 863462.201, 108
Trd, 863462.284, 107
Trd, 863462.468, 106
Trd, 863462.634, 116
Trd, 863463.451, 115
Trd, 863463.768, 100
Trd, 863463.918, 95
Trd, 863464.001, 114
Trd, 863464.901, 114
Trd, 863465.568, 107
Trd, 863466.184, 107
Trd, 863466.634, 105
Trd, 863467.151, 101
Trd, 863467.418, 106
Trd, 863467.468, 94
Trd, 863467.951, 101
Trd, 863467.968, 106
Trd, 863468.468, 100
Trd, 863468.618, 93
Trd, 863469.051, 102
Trd, 863469.401, 103
Trd, 863469.784, 103
Trd, 863469.868, 94
Trd, 863469.884, 91
Trd, 863469.918, 105
Trd, 863470.084, 90
Trd, 863470.501, 107
Trd, 863471.201, 106
Trd, 863471.684, 107
Trd, 863471.984, 105
Trd, 863473.334, 101
Trd, 863473.351, 102
Trd, 863473.618, 101
Trd, 863473.901, 102
Trd, 863474.268, 101
Trd, 863474.884, 103
Trd, 863475.084, 102
Trd, 863475.634, 117
Trd, 863475.668, 106
Trd, 863476.368, 100
Trd, 863476.684, 105
Trd, 863476.751, 106
Trd, 863477.034, 99
Trd, 863477.068, 98
Trd, 863477.218, 93
Trd, 863477.301, 101
Trd, 863477.418, 107
Trd, 863477.501, 91
Trd, 863478.468, 105
Trd, 863478.568, 106
Trd, 863478.584, 99
Trd, 863478.968, 107
Trd, 863479.484, 108
Trd, 863479.668, 100
Trd, 863480.251, 98
Trd, 863480.534, 91
Trd, 863481.418, 102
Trd, 863481.534, 91
Trd, 863481.601, 90
Trd, 863481.768, 87
Trd, 863481.951, 103
Trd, 863482.618, 101
Trd, 863483.051, 98
Trd, 863483.151, 103
Trd, 863483.284, 90
Trd, 863484.234, 99
Trd, 863484.618, 99
Trd, 863484.984, 93
Trd, 863485.134, 107
Trd, 863485.368, 92
Trd, 863485.801, 104
Trd, 863486.234, 94
Trd, 863486.301, 93
Trd, 863486.418, 93
Trd, 863486.584, 92
Trd, 863486.968, 99
Trd, 863487.134, 92
Trd, 863487.168, 100
Trd, 863487.451, 100
Trd, 863487.668, 101
Trd, 863488.218, 93
Trd, 863488.434, 99
Trd, 863488.718, 109
Trd, 863488.934, 111
Trd, 863489.351, 101
Trd, 863490.834, 101
Trd, 863491.201, 109
Trd, 863491.618, 107
Trd, 863492.118, 105
Trd, 863492.668, 105
Trd, 863492.718, 104
Trd, 863492.768, 101
Trd, 863493.201, 99
Trd, 863493.318, 99
Trd, 863493.568, 99
Trd, 863493.601, 101
Trd, 863493.618, 98
Trd, 863493.668, 105
Trd, 863494.118, 91
Trd, 863494.334, 81
Trd, 863494.668, 105
Trd, 863495.051, 79
Trd, 863495.401, 86
Trd, 863495.468, 80
Trd, 863495.568, 88
Trd, 863496.134, 88
Trd, 863496.301, 90
Trd, 863496.434, 95
Trd, 863497.534, 106
Trd, 863497.618, 104
Trd, 863497.784, 103
Trd, 863498.334, 105
Trd, 863498.618, 95
Trd, 863498.801, 94
Trd, 863499.284, 100
Trd, 863499.534, 100
Trd, 863499.618, 105
Trd, 863500.234, 109
Trd, 863500.501, 97
Trd, 863501.151, 97
Trd, 863501.784, 98
Trd, 863501.934, 105
Trd, 863502.068, 109
Trd, 863502.168, 107
Trd, 863502.351, 98
Trd, 863503.768, 101
Trd, 863504.051, 99
Trd, 863504.184, 99
Trd, 863504.384, 94
Trd, 863504.734, 94
Trd, 863505.168, 97
Trd, 863505.451, 94
Trd, 863506.001, 97
Trd, 863506.334, 98
Trd, 863506.351, 101
Trd, 863506.534, 104
Trd, 863507.084, 106
Trd, 863507.251, 107
Trd, 863507.368, 107
Trd, 863508.134, 106
Trd, 863508.301, 106
Trd, 863508.534, 107
Trd, 863508.651, 105
Trd, 863508.701, 99
Trd, 863509.051, 93
Trd, 863509.284, 90
Trd, 863509.318, 87
Trd, 863509.434, 109
Trd, 863510.868, 103
Trd, 863510.901, 92
Trd, 863511.284, 105
Trd, 863511.318, 112
Trd, 863511.501, 87
Trd, 863512.334, 100
Trd, 863513.218, 96
Trd, 863513.434, 97
Trd, 863513.568, 97
Trd, 863513.634, 97
Trd, 863513.784, 97
Trd, 863513.901, 97
Trd, 863513.918, 99
Trd, 863514.001, 97
Trd, 863514.818, 99
Trd, 863515.001, 94
Trd, 863515.251, 100
Trd, 863515.551, 93
Trd, 863517.134, 101
Trd, 863517.718, 94
Trd, 863517.768, 96
Trd, 863517.901, 103
Trd, 863518.134, 93
Trd, 863518.184, 103
Trd, 863518.518, 90
Trd, 863518.718, 100
Trd, 863518.834, 104
Trd, 863519.068, 105
Trd, 863519.184, 89
Trd, 863519.334, 93
Trd, 863519.484, 87
Trd, 863519.501, 105
Trd, 863519.868, 78
Trd, 863520.634, 95
Trd, 863521.484, 109
Trd, 863522.168, 96
Trd, 863522.734, 94
Trd, 863522.751, 97
Trd, 863522.884, 101
Trd, 863523.201, 102
Trd, 863523.268, 103
Trd, 863523.301, 107
Trd, 863523.701, 94
Trd, 863524.118, 94
Trd, 863525.201, 104
Trd, 863525.351, 100
Trd, 863525.868, 108
Trd, 863526.768, 100
Trd, 863526.851, 93
Trd, 863526.984, 101
Trd, 863527.018, 104
Trd, 863527.168, 93
Trd, 863527.584, 106
Trd, 863527.901, 107
Trd, 863528.101, 106
Trd, 863528.284, 107
Trd, 863528.484, 106
Trd, 863529.318, 109
Trd, 863529.584, 110
Trd, 863529.684, 109
Trd, 863530.201, 109
Trd, 863530.218, 113
Trd, 863530.601, 110
Trd, 863530.668, 114
Trd, 863530.718, 101
Trd, 863531.351, 104
Trd, 863531.601, 107
Trd, 863531.734, 98
Trd, 863532.368, 92
Trd, 863532.584, 90
Trd, 863533.301, 90
Trd, 863533.701, 98
Trd, 863534.734, 103
Trd, 863535.034, 101
Trd, 863535.051, 102
Trd, 863535.334, 103
Trd, 863535.401, 104
Trd, 863535.534, 100
Trd, 863535.718, 95
Trd, 863536.034, 93
Trd, 863536.151, 112
Trd, 863536.168, 117
Trd, 863536.484, 107
Trd, 863536.868, 118
Trd, 863537.968, 117
Trd, 863538.084, 116
Trd, 863538.134, 115
Trd, 863539.318, 112
Trd, 863539.334, 113
Trd, 863539.568, 109
Trd, 863539.618, 106
Trd, 863539.884, 101
Trd, 863540.118, 113
Trd, 863540.284, 98
Trd, 863540.301, 90
Trd, 863540.384, 90
Trd, 863541.851, 105
Trd, 863542.051, 96
Trd, 863542.268, 102
Trd, 863542.368, 96
Trd, 863543.318, 100
Trd, 863543.418, 103
Trd, 863543.718, 99
Trd, 863543.801, 98
Trd, 863543.868, 103
Trd, 863543.901, 104
Trd, 863544.434, 96
Trd, 863544.818, 103
Trd, 863545.301, 104
Trd, 863545.318, 101
Trd, 863545.984, 104
Trd, 863546.401, 104
Trd, 863546.768, 102
Trd, 863546.868, 105
Trd, 863547.068, 95
Trd, 863547.434, 102
Trd, 863547.484, 94
Trd, 863547.634, 93
Trd, 863548.001, 104
Trd, 863548.151, 93
Trd, 863548.534, 90
Trd, 863548.884, 88
Trd, 863549.734, 95
Trd, 863550.134, 93
Trd, 863550.184, 101
Trd, 863551.018, 86
Trd, 863551.134, 91
Trd, 863551.718, 86
Trd, 863551.968, 86
Trd, 863552.584, 92
Trd, 863552.751, 93
Trd, 863552.884, 94
Trd, 863553.001, 89
Trd, 863553.084, 88
Trd, 863553.368, 82
Trd, 863553.684, 95
Trd, 863553.818, 98
Trd, 863553.884, 101
Trd, 863554.051, 103
Trd, 863554.634, 88
Trd, 863554.784, 104
Trd, 863554.918, 109
Trd, 863555.118, 90
Trd, 863555.451, 109
Trd, 863556.368, 108
Trd, 863556.484, 108
Trd, 863556.601, 116
Trd, 863557.251, 105
Trd, 863557.434, 115
Trd, 863557.518, 100
Trd, 863558.151, 114
Trd, 863558.501, 98
Trd, 863558.601, 111
Trd, 863559.568, 96
Trd, 863560.018, 101
Trd, 863560.301, 106
Trd, 863560.768, 106
Trd, 863561.234, 105
Trd, 863561.468, 101
Trd, 863561.568, 96
Trd, 863562.018, 103
Trd, 863562.251, 103
Trd, 863562.518, 103
Trd, 863562.901, 104
Trd, 863563.368, 102
Trd, 863563.401, 102
Trd, 863563.418, 99
Trd, 863564.434, 101
Trd, 863565.851, 98
Trd, 863565.868, 98
Trd, 863566.418, 96
Trd, 863566.501, 98
Trd, 863566.751, 93
Trd, 863567.218, 98
Trd, 863567.251, 99
Trd, 863567.284, 101
Trd, 863567.318, 104
Trd, 863567.351, 91
Trd, 863567.501, 106
Trd, 863567.584, 109
Trd, 863568.051, 102
Trd, 863568.101, 90
Trd, 863568.451, 112
Trd, 863568.751, 90
Trd, 863569.501, 83
Trd, 863569.784, 85
Trd, 863569.918, 84
Trd, 863570.484, 84
Trd, 863570.918, 88
Trd, 863571.384, 92
Trd, 863571.584, 94
Trd, 863571.651, 95
Trd, 863571.701, 88
Trd, 863572.501, 98
Trd, 863572.568, 94
Trd, 863572.968, 102
Trd, 863573.301, 103
Trd, 863574.068, 102
Trd, 863574.351, 102
Trd, 863574.418, 104
Trd, 863575.034, 101
Trd, 863575.818, 103
Trd, 863575.901, 100
Trd, 863575.984, 104
Trd, 863576.484, 99
Trd, 863576.751, 101
Trd, 863577.151, 102
Trd, 863577.184, 103
Trd, 863577.534, 100
Trd, 863577.701, 99
Trd, 863577.851, 111
Trd, 863578.051, 112
Trd, 863578.934, 106
Trd, 863579.518, 103
Trd, 863580.118, 106
Trd, 863580.184, 103
Trd, 863580.468, 101
Trd, 863580.684, 100
Trd, 863580.734, 98
Trd, 863581.051, 90
Trd, 863581.801, 104
Trd, 863581.834, 107
Trd, 863582.551, 107
Trd, 863582.968, 104
Trd, 863584.484, 101
Trd, 863584.851, 99
Trd, 863584.968, 101
Trd, 863585.501, 101
Trd, 863585.568, 101
Trd, 863585.718, 101
Trd, 863585.984, 101
Trd, 863586.318, 102
Trd, 863586.351, 104
Trd, 863586.884, 109
Trd, 863586.984, 101
Trd, 863587.301, 93
Trd, 863588.051, 103
Trd, 863588.401, 96
Trd, 863588.568, 102
Trd, 863588.701, 103
Trd, 863588.818, 104
Trd, 863589.184, 110
Trd, 863589.268, 98
Trd, 863589.301, 111
Trd, 863589.484, 112
Trd, 863589.584, 103
Trd, 863590.784, 115
Trd, 863591.018, 108
Trd, 863591.618, 109
Trd, 863592.584, 106
Trd, 863592.784, 101
Trd, 863593.334, 104
Trd, 863593.468, 101
Trd, 863593.551, 104
Trd, 863594.101, 101
Trd, 863594.434, 99
Trd, 863594.468, 103
Trd, 863594.568, 104
Trd, 863595.018, 99
Trd, 863595.251, 104
Trd, 863595.468, 98
Trd, 863595.734, 90
Trd, 863595.851, 108
Trd, 863595.951, 101
Trd, 863596.284, 92
Trd, 863597.584, 101
Trd, 863597.634, 97
Trd, 863597.784, 106
Trd, 863597.918, 108
Trd, 863597.984, 109
Trd, 863598.434, 112
Trd, 863598.468, 94
Trd, 863598.568, 94
Trd, 863598.734, 93
Trd, 863598.901, 101
Trd, 863599.318, 94
Trd, 863600.151, 93
Trd, 863600.301, 106
Trd, 863600.984, 99
Trd, 863601.051, 100
Trd, 863601.318, 100
Trd, 863601.334, 101
Trd, 863601.634, 98
Trd, 863602.284, 101
Trd, 863602.651, 101
Trd, 863602.701, 101
Trd, 863602.784, 102
Trd, 863602.951, 98
Trd, 863603.118, 91
Trd, 863603.551, 103
Trd, 863603.668, 101
Trd, 863604.818, 90
Trd, 863605.151, 97
Trd, 863605.751, 98
Trd, 863606.118, 99
Trd, 863606.834, 102
Trd, 863607.134, 101
Trd, 863607.518, 102
Trd, 863607.718, 93
Trd, 863607.934, 105
Trd, 863608.618, 104
Trd, 863608.718, 105
Trd, 863608.834, 95
Trd, 863609.184, 108
Trd, 863609.601, 97
Trd, 863610.068, 97
Trd, 863610.318, 101
Trd, 863610.451, 95
Trd, 863610.568, 106
Trd, 863610.634, 109
Trd, 863610.734, 112
Trd, 863611.068, 91
Trd, 863611.534, 103
Trd, 863611.584, 107
Trd, 863611.901, 102
Trd, 863612.051, 92
Trd, 863612.284, 90
Trd, 863612.301, 115
Trd, 863612.934, 93
Trd, 863613.268, 110
Trd, 863613.834, 107
Trd, 863615.168, 103
Trd, 863615.318, 102
Trd, 863615.451, 102
Trd, 863615.584, 100
Trd, 863615.701, 100
Trd, 863615.884, 101
Trd, 863615.968, 102
Trd, 863616.151, 89
Trd, 863616.168, 105
Trd, 863616.418, 88
Trd, 863616.634, 87
Trd, 863616.918, 84
Trd, 863617.051, 103
Trd, 863617.534, 104
Trd, 863617.951, 97
Trd, 863618.684, 105
Trd, 863619.101, 106
Trd, 863619.168, 106
Trd, 863619.568, 101
Trd, 863619.584, 101
Trd, 863619.651, 104
Trd, 863619.984, 105
Trd, 863621.168, 102
Trd, 863622.401, 103
Trd, 863623.251, 102
Trd, 863623.334, 98
Trd, 863623.384, 98
Trd, 863623.518, 97
Trd, 863623.768, 93
Trd, 863623.934, 96
Trd, 863624.218, 107
Trd, 863624.384, 91
Trd, 863624.584, 104
Trd, 863624.618, 114
Trd, 863626.084, 105
Trd, 863626.501, 99
Trd, 863626.651, 107
Trd, 863627.251, 105
Trd, 863627.518, 106
Trd, 863628.118, 106
Trd, 863628.518, 100
Trd, 863628.534, 103
Trd, 863628.584, 98
Trd, 863628.684, 93
Trd, 863629.318, 91
Trd, 863629.434, 93
Trd, 863629.501, 89
Trd, 863629.701, 103
Trd, 863630.068, 104
Trd, 863631.468, 102
Trd, 863631.484, 103
Trd, 863631.734, 104
Trd, 863632.501, 102
Trd, 863632.618, 101
Trd, 863632.651, 111
Trd, 863633.101, 100
Trd, 863633.684, 104
Trd, 863634.268, 103
Trd, 863634.318, 104
Trd, 863634.718, 103
Trd, 863635.101, 104
Trd, 863635.201, 103
Trd, 863635.534, 101
Trd, 863635.901, 104
Trd, 863635.968, 109
Trd, 863636.301, 96
Trd, 863636.934, 108
Trd, 863637.951, 101
Trd, 863638.168, 99
Trd, 863638.251, 98
Trd, 863639.318, 100
Trd, 863639.384, 99
Trd, 863639.651, 101
Trd, 863639.701, 99
Trd, 863639.984, 102
Trd, 863640.251, 99
Trd, 863640.384, 101
Trd, 863640.568, 92
Trd, 863640.701, 92
Trd, 863641.101, 104
Trd, 863641.368, 90
Trd, 863641.768, 103
Trd, 863641.851, 108
Trd, 863642.418, 107
Trd, 863642.468, 108
Trd, 863642.618, 104
Trd, 863643.018, 108
Trd, 863643.051, 109
Trd, 863643.318, 106
Trd, 863643.418, 104
Trd, 863644.734, 105
Trd, 863644.784, 90
Trd, 863645.534, 102
Trd, 863645.618, 103
Trd, 863646.201, 103
Trd, 863646.551, 102
Trd, 863646.568, 103
Trd, 863646.984, 101
Trd, 863647.334, 101
Trd, 863647.701, 101
Trd, 863647.768, 98
Trd, 863648.484, 102
Trd, 863648.884, 104
Trd, 863649.001, 93
Trd, 863649.168, 87
Trd, 863649.251, 85
Trd, 863649.418, 104
Trd, 863649.751, 80
Trd, 863650.684, 81
Trd, 863650.718, 92
Trd, 863651.734, 83
Trd, 863651.801, 90
Trd, 863652.951, 87
Trd, 863652.968, 92
Trd, 863653.034, 86
Trd, 863653.151, 93
Trd, 863653.284, 98
Trd, 863653.418, 109
Trd, 863653.984, 101
Trd, 863654.351, 104
Trd, 863654.934, 106
Trd, 863655.034, 107
Trd, 863655.401, 101
Trd, 863655.984, 107
Trd, 863656.168, 106
Trd, 863656.318, 102
Trd, 863657.034, 98
Trd, 863657.784, 93
Trd, 863657.834, 90
Trd, 863658.084, 95
Trd, 863658.201, 79
Trd, 863658.618, 96
Trd, 863658.968, 97
Trd, 863659.651, 87
Trd, 863659.851, 93
Trd, 863659.868, 91
Trd, 863659.918, 88
Trd, 863660.101, 95
Trd, 863660.218, 91
Trd, 863660.951, 97
Trd, 863660.968, 92
Trd, 863661.001, 91
Trd, 863661.284, 98
Trd, 863661.318, 90
Trd, 863661.518, 104
Trd, 863661.601, 89
Trd, 863661.701, 105
Trd, 863661.851, 91
Trd, 863663.251, 99
Trd, 863663.618, 99
Trd, 863663.684, 100
Trd, 863663.968, 107
Trd, 863664.068, 107
Trd, 863664.584, 106
Trd, 863664.951, 90
Trd, 863665.051, 93
Trd, 863666.351, 95
Trd, 863666.684, 103
Trd, 863666.868, 95
Trd, 863667.118, 94
Trd, 863667.401, 109
Trd, 863667.768, 110
Trd, 863667.851, 94
Trd, 863668.068, 109
Trd, 863668.568, 96
Trd, 863668.601, 95
Trd, 863668.834, 109
Trd, 863669.284, 108
Trd, 863669.551, 104
Trd, 863669.651, 100
Trd, 863670.034, 100
Trd, 863670.901, 94
Trd, 863671.101, 94
Trd, 863671.234, 101
Trd, 863671.701, 104
Trd, 863671.718, 106
Trd, 863672.268, 105
Trd, 863673.151, 99
Trd, 863673.318, 97
Trd, 863673.934, 100
Trd, 863674.068, 99
Trd, 863674.101, 94
Trd, 863674.284, 100
Trd, 863674.584, 100
Trd, 863674.818, 103
Trd, 863674.884, 95
Trd, 863675.318, 106
Trd, 863676.068, 106
Trd, 863676.518, 107
Trd, 863676.584, 109
Trd, 863677.368, 104
Trd, 863677.518, 101
Trd, 863678.568, 102
Trd, 863678.584, 101
Trd, 863678.784, 98
Trd, 863679.234, 101
Trd, 863679.418, 93
Trd, 863679.668, 102
Trd, 863679.968, 93
Trd, 863680.351, 91
Trd, 863680.568, 90
Trd, 863681.018, 93
Trd, 863681.051, 94
Trd, 863681.084, 96
Trd, 863681.868, 92
Trd, 863682.318, 95
Trd, 863682.434, 98
Trd, 863682.734, 102
Trd, 863682.851, 95
Trd, 863683.201, 94
Trd, 863683.418, 104
Trd, 863683.534, 94
Trd, 863684.184, 95
Trd, 863684.651, 109
Trd, 863684.768, 105
Trd, 863684.818, 109
Trd, 863685.634, 99
Trd, 863685.901, 98
Trd, 863686.134, 98
Trd, 863686.251, 106
Trd, 863687.134, 104
Trd, 863687.901, 100
Trd, 863688.251, 93
Trd, 863688.634, 92
Trd, 863688.751, 98
Trd, 863688.901, 99
Trd, 863689.001, 100
Trd, 863689.318, 102
Trd, 863689.751, 102
Trd, 863689.768, 103
Trd, 863689.801, 98
Trd, 863689.868, 104
Trd, 863690.901, 107
Trd, 863691.034, 101
Trd, 863691.551, 103
Trd, 863691.651, 98
Trd, 863692.168, 99
Trd, 863692.751, 94
Trd, 863693.051, 100
Trd, 863693.318, 97
Trd, 863693.568, 97
Trd, 863693.584, 99
Trd, 863693.718, 103
Trd, 863694.368, 111
Trd, 863695.084, 111
Trd, 863695.301, 111
Trd, 863695.318, 96
Trd, 863695.451, 106
Trd, 863695.518, 90
Trd, 863695.601, 87
Trd, 863696.034, 107
Trd, 863696.518, 108
Trd, 863696.584, 108
Trd, 863696.601, 106
Trd, 863696.668, 98
Trd, 863696.801, 92
Trd, 863697.401, 101
Trd, 863697.651, 108
Trd, 863698.451, 104
Trd, 863699.068, 106
Trd, 863699.518, 102
Trd, 863699.701, 105
Trd, 863699.984, 106
Trd, 863700.684, 108
Trd, 863701.218, 109
Trd, 863701.984, 110
Trd, 863702.618, 110
Trd, 863702.668, 112
Trd, 863703.018, 110
Trd, 863703.351, 98
Trd, 863703.734, 93
Trd, 863704.368, 99
Trd, 863704.401, 100
Trd, 863704.451, 94
Trd, 863704.834, 96
Trd, 863704.851, 100
Trd, 863705.201, 93
Trd, 863705.234, 100
Trd, 863705.668, 90
Trd, 863705.751, 87
Trd, 863706.301, 88
Trd, 863706.534, 87
Trd, 863706.601, 99
Trd, 863706.768, 100
Trd, 863706.984, 90
Trd, 863707.284, 104
Trd, 863707.401, 105
Trd, 863707.718, 109
Trd, 863708.034, 107
Trd, 863708.134, 106
Trd, 863708.501, 94
Trd, 863708.718, 106
Trd, 863709.634, 116
Trd, 863710.201, 115
Trd, 863710.451, 107
Trd, 863711.434, 105
Trd, 863711.451, 106
Trd, 863711.668, 98
Trd, 863711.868, 93
Trd, 863712.001, 101
Trd, 863712.168, 93
Trd, 863712.501, 104
Trd, 863712.901, 101
Trd, 863712.984, 101
Trd, 863713.568, 99
Trd, 863713.651, 100
Trd, 863714.168, 102
Trd, 863714.401, 100
Trd, 863714.784, 100
Trd, 863714.984, 101
Trd, 863715.134, 102
Trd, 863715.418, 112
Trd, 863715.434, 105
Trd, 863715.518, 115
Trd, 863716.334, 106
Trd, 863716.368, 101
Trd, 863716.418, 98
Trd, 863716.601, 100
Trd, 863717.718, 96
Trd, 863718.118, 96
Trd, 863718.234, 96
Trd, 863718.368, 96
Trd, 863718.801, 95
Trd, 863718.818, 104
Trd, 863718.868, 109
Trd, 863719.234, 90
Trd, 863719.251, 91
Trd, 863720.084, 87
Trd, 863720.368, 76
Trd, 863721.018, 93
Trd, 863721.351, 106
Trd, 863721.384, 107
Trd, 863722.534, 99
Trd, 863722.684, 100
Trd, 863722.868, 99
Trd, 863723.051, 99
Trd, 863723.134, 101
Trd, 863723.201, 102
Trd, 863723.401, 94
Trd, 863723.768, 98
Trd, 863723.851, 99
Trd, 863724.234, 84
Trd, 863724.318, 74
Trd, 863724.701, 103
Trd, 863725.501, 104
Trd, 863725.768, 100
Trd, 863726.484, 83
Trd, 863727.784, 88
Trd, 863727.901, 103
Trd, 863728.001, 104
Trd, 863728.251, 103
Trd, 863728.451, 91
Trd, 863728.518, 96
Trd, 863728.568, 104
Trd, 863728.768, 104
Trd, 863728.801, 90
Trd, 863729.001, 106
Trd, 863729.968, 109
Trd, 863730.018, 111
Trd, 863730.334, 97
Trd, 863730.434, 111
Trd, 863731.034, 109
Trd, 863731.551, 103
Trd, 863731.668, 102
Trd, 863732.051, 99
Trd, 863733.168, 98
Trd, 863733.568, 99
Trd, 863733.601, 98
Trd, 863733.868, 100
Trd, 863734.218, 94
Trd, 863734.418, 93
Trd, 863734.468, 101
Trd, 863734.551, 104
Trd, 863735.018, 102
Trd, 863735.751, 102
Trd, 863735.951, 91
Trd, 863736.468, 102
Trd, 863737.101, 92
Trd, 863737.334, 92
Trd, 863737.401, 100
Trd, 863737.501, 104
Trd, 863737.651, 108
Trd, 863737.901, 107
Trd, 863738.284, 103
Trd, 863739.534, 100
Trd, 863739.568, 99
Trd, 863739.751, 98
Trd, 863739.818, 102
Trd, 863739.968, 97
Trd, 863740.201, 102
Trd, 863740.568, 101
Trd, 863740.851, 97
Trd, 863741.234, 93
Trd, 863741.468, 99
Trd, 863741.601, 93
Trd, 863741.968, 98
Trd, 863742.551, 99
Trd, 863743.184, 102
Trd, 863743.384, 104
Trd, 863743.701, 104
Trd, 863744.051, 102
Trd, 863744.151, 101
Trd, 863744.234, 100
Trd, 863744.251, 112
Trd, 863744.884, 99
Trd, 863744.968, 112
Trd, 863745.701, 91
Trd, 863746.168, 93
Trd, 863746.734, 100
Trd, 863746.751, 101
Trd, 863747.001, 102
Trd, 863747.418, 108
Trd, 863747.618, 96
Trd, 863747.634, 109
Trd, 863747.918, 115
Trd, 863748.051, 103
Trd, 863748.434, 114
Trd, 863748.918, 101
Trd, 863749.934, 99
Trd, 863750.201, 108
Trd, 863750.584, 107
Trd, 863750.818, 107
Trd, 863750.951, 100
Trd, 863751.134, 106
Trd, 863751.334, 100
Trd, 863751.818, 98
Trd, 863752.418, 103
Trd, 863753.184, 107
Trd, 863753.351, 108
Trd, 863753.784, 107
Trd, 863754.101, 107
Trd, 863754.801, 106
Trd, 863754.934, 106
Trd, 863755.151, 100
Trd, 863755.368, 101
Trd, 863755.551, 99
Trd, 863755.934, 105
Trd, 863756.234, 101
Trd, 863756.251, 109
Trd, 863756.368, 100
Trd, 863756.751, 99
Trd, 863758.518, 99
Trd, 863758.818, 99
Trd, 863758.851, 98
Trd, 863759.018, 100
Trd, 863759.101, 101
Trd, 863759.134, 89
Trd, 863759.501, 90
Trd, 863759.684, 104
Trd, 863760.501, 100
Trd, 863760.784, 109
Trd, 863760.868, 112
Trd, 863761.134, 95
Trd, 863761.168, 93
Trd, 863761.784, 88
Trd, 863762.018, 100
Trd, 863762.051, 101
Trd, 863762.134, 112
Trd, 863763.168, 85
Trd, 863763.701, 112
Trd, 863764.318, 93
Trd, 863764.401, 90
Trd, 863764.484, 85
Trd, 863764.518, 105
Trd, 863764.801, 101
Trd, 863765.168, 97
Trd, 863765.434, 103
Trd, 863765.518, 89
Trd, 863765.534, 88
Trd, 863765.684, 103
Trd, 863766.218, 98
Trd, 863766.651, 98
Trd, 863766.984, 94
Trd, 863767.068, 93
Trd, 863767.818, 95
Trd, 863768.384, 95
Trd, 863769.151, 97
Trd, 863769.318, 98
Trd, 863769.368, 98
Trd, 863769.534, 104
Trd, 863770.868, 104
Trd, 863770.901, 98
Trd, 863771.184, 98
Trd, 863771.318, 105
Trd, 863771.701, 105
Trd, 863771.868, 105
Trd, 863771.901, 106
Trd, 863772.218, 101
Trd, 863772.768, 104
Trd, 863773.301, 98
Trd, 863773.351, 93
Trd, 863774.051, 108
Trd, 863774.434, 107
Trd, 863774.584, 108
Trd, 863774.751, 101
Trd, 863775.351, 101
Trd, 863775.501, 102
Trd, 863775.601, 105
Trd, 863776.184, 102
Trd, 863776.584, 103
Trd, 863776.684, 105
Trd, 863777.084, 106
Trd, 863777.818, 98
Trd, 863778.301, 96
Trd, 863778.884, 98
Trd, 863779.084, 97
Trd, 863779.251, 98
Trd, 863779.268, 102
Trd, 863780.884, 99
Trd, 863781.418, 101
Trd, 863781.518, 101
Trd, 863781.701, 98
Trd, 863781.884, 101
Trd, 863782.068, 104
Trd, 863782.301, 106
Trd, 863782.651, 101
Trd, 863782.851, 93
Trd, 863782.968, 104
Trd, 863783.368, 107
Trd, 863783.968, 108
Trd, 863784.134, 112
Trd, 863784.518, 110
Trd, 863784.934, 106
Trd, 863785.084, 97
Trd, 863785.534, 108
Trd, 863785.951, 108
Trd, 863786.401, 110
Trd, 863786.768, 111
Trd, 863787.284, 110
Trd, 863787.468, 111
Trd, 863787.701, 109
Trd, 863787.851, 107
Trd, 863788.218, 107
Trd, 863788.934, 109
Trd, 863788.968, 110
Trd, 863789.168, 108
Trd, 863789.501, 106
Trd, 863789.551, 100
Trd, 863789.684, 108
Trd, 863789.984, 93
Trd, 863790.201, 90
Trd, 863790.234, 88
Trd, 863790.318, 108
Trd, 863790.334, 87
Trd, 863790.584, 91
Trd, 863791.001, 107
Trd, 863791.251, 101
Trd, 863791.568, 100
Trd, 863792.068, 99
Trd, 863792.218, 108
Trd, 863792.701, 109
Trd, 863792.801, 99
Trd, 863793.151, 101
Trd, 863793.201, 102
Trd, 863793.618, 101
Trd, 863794.084, 98
Trd, 863794.884, 99
Trd, 863794.951, 96
Trd, 863795.051, 95
Trd, 863795.534, 93
Trd, 863795.884, 90
Trd, 863795.951, 94
Trd, 863796.418, 88
Trd, 863796.968, 99
Trd, 863797.284, 94
Trd, 863797.501, 92
Trd, 863797.568, 89
Trd, 863797.801, 98
Trd, 863798.368, 99
Trd, 863798.434, 100
Trd, 863799.384, 102
Trd, 863799.534, 104
Trd, 863799.934, 97
Trd, 863800.201, 101
Trd, 863800.301, 98
Trd, 863800.468, 94
Trd, 863801.284, 100
Trd, 863801.484, 98
Trd, 863802.568, 97
Trd, 863802.818, 96
Trd, 863803.001, 99
Trd, 863803.018, 96
Trd, 863803.251, 95
Trd, 863803.484, 100
Trd, 863803.784, 102
Trd, 863803.801, 104
Trd, 863804.051, 104
Trd, 863804.784, 104
Trd, 863805.051, 109
Trd, 863805.601, 105
Trd, 863805.801, 104
Trd, 863805.851, 101
Trd, 863806.101, 106
Trd, 863806.268, 90
Trd, 863806.334, 111
Trd, 863806.651, 112
Trd, 863806.884, 116
Trd, 863807.351, 92
Trd, 863807.818, 90
Trd, 863807.968, 88
Trd, 863808.084, 93
Trd, 863808.318, 95
Trd, 863809.384, 101
Trd, 863809.684, 104
Trd, 863810.001, 90
Trd, 863810.651, 92
Trd, 863811.034, 106
Trd, 863812.368, 102
Trd, 863812.551, 101
Trd, 863812.784, 106
Trd, 863812.901, 107
Trd, 863813.251, 108
Trd, 863813.468, 105
Trd, 863813.684, 100
Trd, 863814.351, 103
Trd, 863814.518, 100
Trd, 863814.634, 101
Trd, 863814.884, 104
Trd, 863814.984, 94
Trd, 863815.234, 93
Trd, 863815.368, 105
Trd, 863815.568, 90
Trd, 863815.634, 106
Trd, 863815.684, 87
Trd, 863816.701, 103
Trd, 863816.818, 102
Trd, 863817.618, 108
Trd, 863818.768, 106
Trd, 863819.068, 104
Trd, 863819.184, 101
Trd, 863819.384, 93
Trd, 863819.784, 106
Trd, 863819.851, 93
Trd, 863820.018, 108
Trd, 863820.868, 102
Trd, 863820.884, 107
Trd, 863821.268, 102
Trd, 863821.351, 95
Trd, 863821.484, 101
Trd, 863821.634, 103
Trd, 863822.701, 104
Trd, 863822.801, 106
Trd, 863822.984, 94
Trd, 863823.101, 109
Trd, 863823.284, 112
Trd, 863823.351, 83
Trd, 863823.818, 79
Trd, 863824.301, 106
Trd, 863824.684, 97
Trd, 863825.618, 98
Trd, 863825.734, 101
Trd, 863825.801, 104
Trd, 863825.851, 99
Trd, 863826.251, 104
Trd, 863826.401, 105
Trd, 863826.734, 98
Trd, 863827.301, 100
Trd, 863827.384, 101
Trd, 863828.051, 106
Trd, 863828.284, 102
Trd, 863828.451, 102
Trd, 863828.784, 102
Trd, 863828.918, 101
Trd, 863829.434, 93
Trd, 863829.768, 105
Trd, 863830.368, 107
Trd, 863830.568, 106
Trd, 863830.618, 108
Trd, 863830.851, 109
Trd, 863831.034, 106
Trd, 863831.418, 96
Trd, 863831.451, 95
Trd, 863832.234, 94
Trd, 863832.484, 94
Trd, 863833.368, 96
Trd, 863833.534, 99
Trd, 863834.484, 101
Trd, 863834.601, 104
Trd, 863834.851, 100
Trd, 863835.301, 109
Trd, 863835.518, 109
Trd, 863835.801, 103
Trd, 863836.584, 106
Trd, 863836.601, 103
Trd, 863836.984, 101
Trd, 863837.034, 103
Trd, 863837.434, 99
Trd, 863837.718, 101
Trd, 863837.851, 103
Trd, 863838.334, 99
Trd, 863838.601, 106
Trd, 863839.068, 99
Trd, 863839.201, 98
Trd, 863839.551, 102
Trd, 863839.584, 90
Trd, 863839.984, 101
Trd, 863840.151, 87
Trd, 863840.634, 102
Trd, 863840.801, 94
Trd, 863840.868, 90
Trd, 863841.251, 101
Trd, 863841.684, 102
Trd, 863841.768, 93
Trd, 863842.201, 104
Trd, 863842.384, 87
Trd, 863842.751, 87
Trd, 863843.684, 106
Trd, 863843.801, 99
Trd, 863843.868, 99
Trd, 863844.518, 99
Trd, 863844.784, 106
Trd, 863845.334, 107
Trd, 863845.368, 108
Trd, 863845.768, 109
Trd, 863845.901, 104
Trd, 863845.918, 110
Trd, 863846.451, 108
Trd, 863847.668, 107
Trd, 863847.951, 104
Trd, 863848.018, 108
Trd, 863848.268, 100
Trd, 863848.284, 105
Trd, 863848.418, 106
Trd, 863848.901, 95
Trd, 863848.918, 94
Trd, 863849.251, 93
Trd, 863849.634, 95
Trd, 863850.134, 104
Trd, 863850.484, 101
Trd, 863850.668, 95
Trd, 863850.784, 92
Trd, 863850.851, 101
Trd, 863851.151, 91
Trd, 863851.584, 103
Trd, 863851.768, 90
Trd, 863852.234, 106
Trd, 863852.434, 101
Trd, 863852.784, 105
Trd, 863853.001, 93
Trd, 863853.651, 102
Trd, 863853.768, 105
Trd, 863853.868, 102
Trd, 863853.934, 101
Trd, 863854.234, 108
Trd, 863854.651, 112
Trd, 863855.618, 99
Trd, 863855.718, 91
Trd, 863856.101, 103
Trd, 863856.418, 96
Trd, 863856.451, 103
Trd, 863857.101, 99
Trd, 863857.234, 98
Trd, 863857.601, 99
Trd, 863857.868, 102
Trd, 863859.084, 104
Trd, 863859.268, 102
Trd, 863859.851, 108
Trd, 863860.034, 118
Trd, 863860.368, 109
Trd, 863860.568, 109
Trd, 863860.768, 109
Trd, 863860.784, 106
Trd, 863861.268, 102
Trd, 863861.351, 110
Trd, 863861.701, 103
Trd, 863861.868, 100
Trd, 863861.951, 99
Trd, 863861.968, 103
Trd, 863862.101, 98
Trd, 863862.651, 108
Trd, 863862.751, 109
Trd, 863863.168, 93
Trd, 863863.451, 106
Trd, 863863.484, 123
Trd, 863864.234, 105
Trd, 863865.201, 107
Trd, 863865.468, 108
Trd, 863865.734, 101
Trd, 863866.234, 109
Trd, 863866.268, 111
Trd, 863867.001, 101
Trd, 863867.634, 101
Trd, 863867.801, 98
Trd, 863868.401, 94
Trd, 863868.518, 100
Trd, 863868.701, 101
Trd, 863868.868, 93
Trd, 863869.018, 91
Trd, 863869.134, 100
Trd, 863869.318, 100
Trd, 863869.401, 100
Trd, 863869.568, 94
Trd, 863870.334, 104
Trd, 863870.584, 109
Trd, 863871.518, 102
Trd, 863871.918, 99
Trd, 863872.234, 98
Trd, 863872.584, 99
Trd, 863872.734, 98
Trd, 863872.818, 102
Trd, 863873.518, 102
Trd, 863873.701, 104
Trd, 863874.234, 102
Trd, 863874.518, 103
Trd, 863874.618, 103
Trd, 863874.918, 104
Trd, 863875.434, 103
Trd, 863875.451, 106
Trd, 863875.534, 99
Trd, 863875.784, 95
Trd, 863875.884, 92
Trd, 863876.184, 110
Trd, 863876.551, 110
Trd, 863877.201, 107
Trd, 863877.884, 108
Trd, 863877.968, 105
Trd, 863878.034, 101
Trd, 863878.101, 90
Trd, 863878.168, 109
Trd, 863878.434, 111
Trd, 863878.818, 92
Trd, 863879.168, 96
Trd, 863879.318, 110
Trd, 863880.184, 101
Trd, 863880.318, 99
Trd, 863881.101, 100
Trd, 863881.251, 101
Trd, 863881.468, 99
Trd, 863881.518, 102
Trd, 863881.684, 98
Trd, 863881.868, 94
Trd, 863882.084, 93
Trd, 863882.584, 103
Trd, 863882.784, 103
Trd, 863882.884, 104
Trd, 863883.584, 104
Trd, 863884.234, 95
Trd, 863884.934, 97
Trd, 863885.068, 103
Trd, 863885.084, 96
Trd, 863885.418, 97
Trd, 863885.518, 103
Trd, 863885.768, 104
Trd, 863885.868, 101
Trd, 863886.384, 109
Trd, 863886.601, 109
Trd, 863887.968, 101
Trd, 863887.984, 102
Trd, 863888.268, 96
Trd, 863888.351, 95
Trd, 863889.451, 94
Trd, 863889.734, 91
Trd, 863890.151, 102
Trd, 863890.334, 100
Trd, 863890.434, 101
Trd, 863890.568, 102
Trd, 863891.051, 98
Trd, 863891.201, 105
Trd, 863892.534, 106
Trd, 863892.751, 106
Trd, 863893.001, 107
Trd, 863893.068, 101
Trd, 863893.551, 101
Trd, 863893.818, 100
Trd, 863893.868, 98
Trd, 863893.934, 93
Trd, 863894.084, 92
Trd, 863894.951, 104
Trd, 863895.134, 89
Trd, 863895.518, 103
Trd, 863895.551, 104
Trd, 863895.918, 82
Trd, 863896.668, 84
Trd, 863897.101, 81
Trd, 863897.434, 82
Trd, 863897.534, 81
Trd, 863897.684, 96
Trd, 863897.851, 82
Trd, 863898.401, 82
Trd, 863898.834, 83
Trd, 863899.034, 90
Trd, 863899.084, 98
Trd, 863899.151, 104
Trd, 863899.468, 105
Trd, 863900.034, 105
Trd, 863900.218, 105
Trd, 863900.318, 93
Trd, 863900.901, 109
Trd, 863901.084, 104
Trd, 863901.801, 109
Trd, 863901.818, 94
Trd, 863902.184, 110
Trd, 863902.568, 111
Trd, 863902.868, 108
Trd, 863903.034, 105
Trd, 863903.518, 100
Trd, 863904.534, 104
Trd, 863904.734, 107
Trd, 863905.084, 108
Trd, 863905.451, 105
Trd, 863905.501, 111
Trd, 863906.601, 107
Trd, 863906.634, 106
Trd, 863906.918, 101
Trd, 863907.284, 102
Trd, 863907.484, 100
Trd, 863907.918, 103
Trd, 863908.001, 104
Trd, 863908.034, 106
Trd, 863908.268, 98
Trd, 863908.834, 109
Trd, 863908.868, 112
Trd, 863908.934, 103
Trd, 863909.534, 114
Trd, 863909.801, 105
Trd, 863909.868, 102
Trd, 863910.518, 114
Trd, 863911.551, 108
Trd, 863911.634, 109
Trd, 863911.901, 109
Trd, 863912.418, 111
Trd, 863912.501, 110
Trd, 863912.568, 109
Trd, 863912.684, 110
Trd, 863913.484, 105
Trd, 863913.984, 104
Trd, 863914.001, 101
Trd, 863914.084, 98
Trd, 863914.884, 105
Trd, 863915.168, 93
Trd, 863915.218, 106
Trd, 863915.384, 109
Trd, 863915.434, 112
Trd, 863915.984, 100
Trd, 863916.384, 92
Trd, 863916.584, 109
Trd, 863916.734, 90
Trd, 863917.001, 101
Trd, 863917.284, 109
Trd, 863917.368, 88
Trd, 863917.651, 92
Trd, 863918.034, 114
Trd, 863918.484, 112
Trd, 863919.584, 112
Trd, 863919.751, 95
Trd, 863919.851, 94
Trd, 863920.668, 103
Trd, 863920.684, 94
Trd, 863920.701, 90
Trd, 863920.751, 104
Trd, 863920.918, 89
Trd, 863921.234, 102
Trd, 863921.268, 89
Trd, 863922.151, 99
Trd, 863922.451, 98
Trd, 863922.634, 98
Trd, 863923.051, 96
Trd, 863923.251, 97
Trd, 863923.568, 107
Trd, 863923.618, 106
Trd, 863923.651, 109
Trd, 863924.084, 96
Trd, 863924.168, 93
Trd, 863925.484, 101
Trd, 863925.734, 93
Trd, 863926.784, 103
Trd, 863927.768, 103
Trd, 863928.151, 101
Trd, 863928.184, 98
Trd, 863928.651, 103
Trd, 863928.701, 104
Trd, 863929.301, 93
Trd, 863929.418, 93
Trd, 863929.501, 90
Trd, 863929.551, 104
Trd, 863929.884, 105
Trd, 863930.184, 80
Trd, 863930.234, 83
Trd, 863930.318, 104
Trd, 863930.484, 106
Trd, 863930.501, 110
Trd, 863930.518, 112
Trd, 863931.318, 107
Trd, 863931.818, 106
Trd, 863932.734, 106
Trd, 863932.768, 97
Trd, 863933.201, 99
Trd, 863933.584, 103
Trd, 863933.734, 102
Trd, 863934.068, 102
Trd, 863934.168, 103
Trd, 863934.584, 102
Trd, 863934.701, 101
Trd, 863935.518, 103
Trd, 863935.634, 104
Trd, 863935.684, 98
Trd, 863936.768, 102
Trd, 863937.401, 101
Trd, 863937.768, 98
Trd, 863937.884, 92
Trd, 863938.334, 104
Trd, 863938.501, 104
Trd, 863938.768, 97
Trd, 863939.084, 103
Trd, 863939.668, 103
Trd, 863939.734, 104
Trd, 863939.768, 106
Trd, 863939.934, 106
Trd, 863940.184, 99
Trd, 863940.201, 109
Trd, 863940.601, 93
Trd, 863941.968, 105
Trd, 863942.018, 105
Trd, 863942.251, 103
Trd, 863942.301, 105
Trd, 863942.634, 101
Trd, 863942.734, 90
Trd, 863943.518, 91
Trd, 863943.584, 93
Trd, 863943.718, 95
Trd, 863944.101, 95
Trd, 863944.418, 96
Trd, 863944.468, 95
Trd, 863944.718, 102
Trd, 863945.034, 108
Trd, 863945.534, 98
Trd, 863945.934, 96
Trd, 863946.418, 95
Trd, 863946.751, 99
Trd, 863947.634, 101
Trd, 863947.701, 99
Trd, 863948.034, 97
Trd, 863948.284, 92
Trd, 863948.718, 101
Trd, 863948.834, 93
Trd, 863949.418, 97
Trd, 863949.918, 98
Trd, 863950.368, 96
Trd, 863950.734, 102
Trd, 863950.884, 103
Trd, 863951.451, 104
Trd, 863951.468, 103
Trd, 863951.918, 110
Trd, 863952.968, 108
Trd, 863953.034, 104
Trd, 863953.284, 103
Trd, 863953.401, 106
Trd, 863953.418, 101
Trd, 863953.818, 106
Trd, 863953.851, 98
Trd, 863954.501, 91
Trd, 863954.534, 107
Trd, 863955.118, 109
Trd, 863955.501, 115
Trd, 863956.184, 112
Trd, 863957.134, 110
Trd, 863957.534, 106
Trd, 863957.718, 106
Trd, 863957.968, 105
Trd, 863958.401, 102
Trd, 863958.434, 103
Trd, 863958.468, 100
Trd, 863958.651, 109
Trd, 863959.284, 100
Trd, 863959.384, 101
Trd, 863959.551, 92
Trd, 863959.751, 101
Trd, 863960.868, 100
Trd, 863961.201, 100
Trd, 863961.568, 96
Trd, 863961.968, 101
Trd, 863962.084, 96
Trd, 863962.268, 104
Trd, 863962.351, 106
Trd, 863962.618, 88
Trd, 863962.701, 90
Trd, 863962.751, 104
Trd, 863963.384, 104
Trd, 863963.818, 107
Trd, 863963.884, 108
Trd, 863964.501, 96
Trd, 863964.518, 95
Trd, 863964.734, 94
Trd, 863965.284, 104
Trd, 863966.318, 97
Trd, 863966.668, 98
Trd, 863967.068, 97
Trd, 863967.351, 106
Trd, 863967.634, 96
Trd, 863968.534, 103
Trd, 863968.634, 104
Trd, 863968.968, 95
Trd, 863969.618, 101
Trd, 863969.851, 101
Trd, 863969.951, 87
Trd, 863970.118, 80
Trd, 863970.184, 88
Trd, 863970.351, 90
Trd, 863970.384, 105
Trd, 863970.784, 89
Trd, 863971.034, 89
Trd, 863971.051, 109
Trd, 863971.618, 108
Trd, 863971.768, 107
Trd, 863971.984, 106
Trd, 863972.868, 106
Trd, 863973.101, 101
Trd, 863973.201, 107
Trd, 863973.601, 109
Trd, 863974.268, 100
Trd, 863975.184, 105
Trd, 863975.251, 101
Trd, 863975.968, 102
Trd, 863976.251, 104
Trd, 863976.334, 105
Trd, 863976.518, 100
Trd, 863976.834, 109
Trd, 863976.884, 110
Trd, 863977.168, 100
Trd, 863977.234, 100
Trd, 863977.334, 101
Trd, 863977.718, 113
Trd, 863979.018, 103
Trd, 863979.501, 101
Trd, 863979.584, 102
Trd, 863980.018, 102
Trd, 863980.301, 102
Trd, 863980.318, 101
Trd, 863980.601, 90
Trd, 863980.834, 101
Trd, 863980.951, 101
Trd, 863981.851, 80
Trd, 863981.918, 79
Trd, 863981.951, 90
Trd, 863982.034, 90
Trd, 863982.084, 104
Trd, 863982.834, 106
Trd, 863982.868, 104
Trd, 863983.251, 105
Trd, 863983.651, 106
Trd, 863983.834, 105
Trd, 863984.051, 105
Trd, 863984.801, 93
Trd, 863984.834, 103
Trd, 863985.734, 101
Trd, 863985.818, 104
Trd, 863985.868, 109
Trd, 863986.184, 112
Trd, 863986.318, 95
Trd, 863986.601, 95
Trd, 863987.718, 97
Trd, 863987.751, 104
Trd, 863988.118, 99
Trd, 863988.551, 98
Trd, 863988.584, 100
Trd, 863988.934, 98
Trd, 863988.968, 101
Trd, 863989.718, 98
Trd, 863989.901, 97
Trd, 863990.151, 93
Trd, 863990.418, 97
Trd, 863990.901, 104
Trd, 863991.068, 108
Trd, 863991.418, 101
Trd, 863991.718, 106
Trd, 863991.851, 108
Trd, 863991.918, 109
Trd, 863992.401, 111
Trd, 863992.701, 104
Trd, 863993.434, 98
Trd, 863993.718, 90
Trd, 863994.151, 92
Trd, 863994.568, 105
Trd, 863994.984, 88
Trd, 863995.101, 106
Trd, 863995.434, 101
Trd, 863995.451, 100
Trd, 863995.534, 91
Trd, 863995.768, 106
Trd, 863996.284, 105
Trd, 863996.318, 107
Trd, 863996.834, 109
Trd, 863996.918, 112
Trd, 863998.134, 104
Trd, 863998.468, 104
Trd, 863998.584, 116
Trd, 863998.784, 106
Trd, 863998.951, 106
Trd, 863999.051, 106
Trd, 863999.401, 106
Trd, 863999.434, 104
Trd, 863999.718, 101
Trd, 863999.818, 98
Trd, 863999.934, 93
