Trd, 863325.968, 98
Trd, 863326.151, 99
Trd, 863326.368, 99
Trd, 863326.418, 98
Trd, 863326.451, 97
Trd, 863326.651, 90
Trd, 863327.251, 90
Trd, 863327.751, 97
Trd, 863327.884, 98
Trd, 863328.101, 103
Trd, 863328.268, 104
Trd, 863328.534, 87
Trd, 863328.718, 105
Trd, 863328.851, 92
Trd, 863329.668, 88
Trd, 863330.618, 90
Trd, 863331.684, 93
Trd, 863331.784, 92
Trd, 863331.818, 100
Trd, 863332.051, 101
Trd, 863332.134, 102
Trd, 863332.284, 94
Trd, 863332.468, 104
Trd, 863332.718, 105
Trd, 863332.968, 104
Trd, 863333.168, 95
Trd, 863333.834, 104
Trd, 863334.301, 106
Trd, 863334.434, 109
Trd, 863334.784, 98
Trd, 863335.218, 87
Trd, 863335.351, 83
Trd, 863335.884, 112
Trd, 863336.551, 99
Trd, 863337.151, 110
Trd, 863337.418, 84
Trd, 863337.918, 106
Trd, 863338.134, 106
Trd, 863338.668, 83
Trd, 863339.218, 82
Trd, 863339.268, 83
Trd, 863340.001, 92
Trd, 863340.051, 89
Trd, 863340.434, 94
Trd, 863340.451, 95
Trd, 863341.184, 104
Trd, 863341.934, 105
Trd, 863342.151, 106
Trd, 863342.684, 95
Trd, 863342.868, 95
Trd, 863344.001, 94
Trd, 863344.184, 97
Trd, 863344.401, 92
Trd, 863345.034, 91
Trd, 863345.301, 97
Trd, 863345.318, 91
Trd, 863345.501, 90
Trd, 863345.951, 87
Trd, 863345.968, 97
Trd, 863346.068, 82
Trd, 863346.334, 98
Trd, 863346.368, 94
Trd, 863346.801, 86
Trd, 863347.601, 103
Trd, 863348.368, 102
Trd, 863348.518, 103
Trd, 863349.101, 94
Trd, 863349.351, 104
Trd, 863349.384, 94
Trd, 863349.968, 106
Trd, 863350.134, 96
Trd, 863350.668, 114
Trd, 863350.918, 104
Trd, 863351.251, 100
Trd, 863351.418, 93
Trd, 863352.084, 113
Trd, 863352.201, 112
Trd, 863353.601, 97
Trd, 863353.668, 104
Trd, 863353.701, 105
Trd, 863354.018, 97
Trd, 863354.318, 104
Trd, 863354.834, 97
Trd, 863355.234, 87
Trd, 863356.268, 103
Trd, 863356.634, 108
Trd, 863356.701, 108
Trd, 863356.751, 107
Trd, 863356.901, 106
Trd, 863357.018, 106
Trd, 863357.068, 98
Trd, 863357.118, 107
Trd, 863357.818, 91
Trd, 863358.084, 91
Trd, 863358.184, 90
Trd, 863358.251, 104
Trd, 863358.334, 106
Trd, 863358.568, 87
Trd, 863358.818, 104
Trd, 863359.201, 104
Trd, 863359.468, 106
Trd, 863359.951, 109
Trd, 863360.351, 121
Trd, 863360.451, 120
Trd, 863360.651, 95
Trd, 863360.684, 92
Trd, 863360.951, 90
Trd, 863361.568, 80
Trd, 863361.884, 88
Trd, 863362.001, 107
Trd, 863362.201, 88
Trd, 863363.568, 92
Trd, 863364.051, 87
Trd, 863364.134, 93
Trd, 863365.234, 90
Trd, 863365.751, 91
Trd, 863365.868, 92
Trd, 863366.851, 94
Trd, 863366.884, 94
Trd, 863366.918, 95
Trd, 863367.518, 95
Trd, 863367.684, 95
Trd, 863367.784, 94
Trd, 863367.968, 93
Trd, 863369.268, 91
Trd, 863369.368, 90
Trd, 863369.701, 93
Trd, 863370.018, 84
Trd, 863370.118, 83
Trd, 863370.201, 95
Trd, 863370.451, 98
Trd, 863370.501, 83
Trd, 863370.851, 82
Trd, 863371.318, 94
Trd, 863371.451, 95
Trd, 863371.701, 106
Trd, 863372.118, 105
Trd, 863372.484, 104
Trd, 863372.634, 107
Trd, 863372.718, 109
Trd, 863372.801, 87
Trd, 863372.918, 114
Trd, 863373.734, 98
Trd, 863374.451, 102
Trd, 863374.934, 103
Trd, 863375.218, 99
Trd, 863375.534, 98
Trd, 863375.618, 101
Trd, 863376.101, 98
Trd, 863376.118, 98
Trd, 863376.368, 96
Trd, 863376.734, 99
Trd, 863376.784, 91
Trd, 863377.068, 90
Trd, 863377.151, 100
Trd, 863378.034, 102
Trd, 863379.618, 100
Trd, 863379.684, 96
Trd, 863379.934, 94
Trd, 863379.984, 88
Trd, 863380.501, 90
Trd, 863380.668, 89
Trd, 863380.684, 88
Trd, 863380.818, 95
Trd, 863382.418, 92
Trd, 863382.568, 91
Trd, 863383.018, 101
Trd, 863383.518, 99
Trd, 863383.618, 92
Trd, 863384.051, 91
Trd, 863384.601, 102
Trd, 863384.734, 92
Trd, 863384.851, 102
Trd, 863385.301, 91
Trd, 863385.551, 105
Trd, 863386.184, 104
Trd, 863386.468, 97
Trd, 863386.501, 96
Trd, 863387.301, 105
Trd, 863387.418, 92
Trd, 863387.618, 90
Trd, 863388.534, 91
Trd, 863388.834, 94
Trd, 863388.951, 98
Trd, 863389.751, 98
Trd, 863390.151, 98
Trd, 863390.634, 98
Trd, 863390.834, 97
Trd, 863391.884, 93
Trd, 863392.384, 90
Trd, 863392.584, 91
Trd, 863392.651, 95
Trd, 863392.701, 90
Trd, 863393.184, 102
Trd, 863393.701, 92
Trd, 863393.801, 91
Trd, 863393.818, 103
Trd, 863393.901, 104
Trd, 863394.334, 93
Trd, 863394.518, 94
Trd, 863394.534, 93
Trd, 863394.918, 88
Trd, 863395.068, 88
Trd, 863395.284, 87
Trd, 863395.551, 105
Trd, 863395.984, 104
Trd, 863396.168, 104
Trd, 863396.768, 105
Trd, 863396.968, 104
Trd, 863397.134, 109
Trd, 863397.468, 115
Trd, 863398.068, 115
Trd, 863398.818, 114
Trd, 863398.968, 113
Trd, 863399.118, 112
Trd, 863399.151, 103
Trd, 863399.468, 112
Trd, 863400.351, 99
Trd, 863400.668, 107
Trd, 863400.784, 98
Trd, 863400.984, 87
Trd, 863401.451, 91
Trd, 863401.568, 93
Trd, 863401.801, 85
Trd, 863402.051, 99
Trd, 863402.184, 100
Trd, 863402.284, 103
Trd, 863402.751, 89
Trd, 863402.934, 88
Trd, 863403.951, 92
Trd, 863404.118, 98
Trd, 863404.968, 90
Trd, 863405.284, 89
Trd, 863405.868, 96
Trd, 863406.101, 97
Trd, 863406.684, 97
Trd, 863406.701, 98
Trd, 863406.834, 98
Trd, 863407.318, 93
Trd, 863407.334, 91
Trd, 863408.501, 96
Trd, 863408.834, 101
Trd, 863409.084, 94
Trd, 863409.418, 97
Trd, 863409.451, 91
Trd, 863409.468, 102
Trd, 863409.784, 102
Trd, 863409.868, 91
Trd, 863411.468, 102
Trd, 863411.634, 102
Trd, 863411.668, 100
Trd, 863412.401, 103
Trd, 863412.768, 102
Trd, 863412.868, 102
Trd, 863412.968, 100
Trd, 863413.351, 99
Trd, 863413.418, 103
Trd, 863413.451, 104
Trd, 863413.668, 99
Trd, 863414.368, 102
Trd, 863414.418, 109
Trd, 863414.551, 114
Trd, 863415.084, 113
Trd, 863415.284, 112
Trd, 863415.468, 99
Trd, 863415.601, 98
Trd, 863416.518, 91
Trd, 863417.301, 92
Trd, 863417.384, 97
Trd, 863417.651, 86
Trd, 863417.668, 97
Trd, 863418.418, 90
Trd, 863419.018, 95
Trd, 863419.251, 95
Trd, 863419.318, 98
Trd, 863419.384, 100
Trd, 863419.618, 94
Trd, 863420.151, 104
Trd, 863420.268, 95
Trd, 863420.601, 106
Trd, 863420.668, 98
Trd, 863421.501, 97
Trd, 863422.268, 103
Trd, 863422.634, 96
Trd, 863423.251, 94
Trd, 863423.418, 96
Trd, 863423.551, 96
Trd, 863423.618, 95
Trd, 863424.051, 90
Trd, 863424.101, 96
Trd, 863424.384, 87
Trd, 863424.418, 97
Trd, 863424.501, 98
Trd, 863425.968, 83
Trd, 863426.084, 82
Trd, 863426.951, 83
Trd, 863427.001, 82
Trd, 863427.251, 84
Trd, 863427.584, 92
Trd, 863428.201, 93
Trd, 863428.334, 85
Trd, 863428.518, 84
Trd, 863429.434, 89
Trd, 863429.684, 90
Trd, 863429.734, 95
Trd, 863429.884, 85
Trd, 863430.018, 104
Trd, 863430.068, 106
Trd, 863430.601, 96
Trd, 863431.218, 91
Trd, 863431.401, 96
Trd, 863431.901, 97
Trd, 863431.951, 89
Trd, 863432.134, 98
Trd, 863433.334, 91
Trd, 863433.401, 91
Trd, 863433.451, 90
Trd, 863433.701, 89
Trd, 863434.001, 88
Trd, 863434.868, 87
Trd, 863434.901, 91
Trd, 863435.301, 84
Trd, 863435.351, 90
Trd, 863436.201, 86
Trd, 863436.651, 88
Trd, 863436.701, 93
Trd, 863437.134, 95
Trd, 863437.851, 96
Trd, 863438.184, 104
Trd, 863439.234, 102
Trd, 863439.301, 100
Trd, 863439.451, 100
Trd, 863439.584, 99
Trd, 863439.601, 98
Trd, 863439.851, 102
Trd, 863439.968, 103
Trd, 863440.151, 104
Trd, 863440.218, 93
Trd, 863440.568, 104
Trd, 863440.668, 87
Trd, 863440.901, 105
Trd, 863440.984, 83
Trd, 863441.184, 82
Trd, 863441.251, 91
Trd, 863441.451, 106
Trd, 863442.368, 107
Trd, 863443.201, 83
Trd, 863444.551, 92
Trd, 863444.801, 92
Trd, 863444.951, 94
Trd, 863445.301, 95
Trd, 863445.884, 98
Trd, 863446.184, 96
Trd, 863446.418, 104
Trd, 863446.534, 106
Trd, 863446.801, 95
Trd, 863447.201, 108
Trd, 863447.334, 95
Trd, 863447.384, 90
Trd, 863447.601, 89
Trd, 863448.101, 89
Trd, 863448.301, 86
Trd, 863449.268, 103
Trd, 863449.284, 102
Trd, 863449.584, 107
Trd, 863450.068, 106
Trd, 863450.151, 107
Trd, 863450.218, 104
Trd, 863450.834, 95
Trd, 863451.118, 93
Trd, 863451.168, 90
Trd, 863451.801, 87
Trd, 863452.118, 103
Trd, 863452.784, 100
Trd, 863453.118, 100
Trd, 863453.334, 99
Trd, 863453.584, 98
Trd, 863453.651, 99
Trd, 863453.684, 94
Trd, 863454.484, 99
Trd, 863454.584, 99
Trd, 863454.851, 95
Trd, 863454.951, 104
Trd, 863455.468, 106
Trd, 863455.601, 104
Trd, 863456.351, 107
Trd, 863456.468, 99
Trd, 863456.818, 92
Trd, 863456.901, 87
Trd, 863457.384, 85
Trd, 863458.501, 91
Trd, 863459.034, 101
Trd, 863459.251, 93
Trd, 863460.284, 97
Trd, 863460.801, 97
Trd, 863461.001, 96
Trd, 863461.218, 97
Trd, 863461.234, 94
Trd, 863461.484, 98
Trd, 863461.834, 92
Trd, 863461.884, 104
Trd, 863462.268, 97
Trd, 863462.334, 95
Trd, 863463.484, 102
Trd, 863463.501, 100
Trd, 863463.768, 95
Trd, 863464.268, 102
Trd, 863464.968, 97
Trd, 863465.651, 100
Trd, 863465.768, 97
Trd, 863465.851, 97
Trd, 863466.468, 101
Trd, 863466.751, 90
Trd, 863467.051, 94
Trd, 863467.234, 99
Trd, 863467.634, 102
Trd, 863468.218, 103
Trd, 863468.601, 93
Trd, 863468.968, 95
Trd, 863469.284, 94
Trd, 863469.651, 99
Trd, 863470.484, 95
Trd, 863470.551, 98
Trd, 863471.034, 95
Trd, 863471.568, 98
Trd, 863472.068, 97
Trd, 863472.368, 100
Trd, 863472.784, 104
Trd, 863473.168, 101
Trd, 863473.418, 103
Trd, 863473.901, 103
Trd, 863474.334, 102
Trd, 863474.368, 101
Trd, 863474.434, 94
Trd, 863474.918, 102
Trd, 863475.301, 98
Trd, 863475.351, 99
Trd, 863475.418, 96
Trd, 863475.551, 93
Trd, 863476.151, 102
Trd, 863476.401, 105
Trd, 863476.684, 99
Trd, 863477.301, 93
Trd, 863479.001, 96
Trd, 863479.434, 97
Trd, 863479.484, 95
Trd, 863479.784, 95
Trd, 863479.801, 90
Trd, 863480.834, 89
Trd, 863480.868, 98
Trd, 863481.101, 99
Trd, 863481.268, 100
Trd, 863481.918, 92
Trd, 863482.018, 101
Trd, 863482.901, 101
Trd, 863483.184, 100
Trd, 863483.618, 98
Trd, 863483.818, 103
Trd, 863484.351, 97
Trd, 863484.501, 94
Trd, 863484.651, 106
Trd, 863484.934, 109
Trd, 863485.834, 96
Trd, 863486.101, 97
Trd, 863486.168, 110
Trd, 863486.818, 96
Trd, 863487.268, 94
Trd, 863488.368, 104
Trd, 863488.634, 101
Trd, 863488.951, 97
Trd, 863489.634, 97
Trd, 863489.784, 98
Trd, 863490.101, 96
Trd, 863490.134, 97
Trd, 863490.201, 94
Trd, 863490.334, 98
Trd, 863490.868, 98
Trd, 863491.218, 94
Trd, 863491.784, 97
Trd, 863492.118, 98
Trd, 863492.234, 104
Trd, 863492.734, 97
Trd, 863492.968, 103
Trd, 863493.218, 91
Trd, 863493.618, 93
Trd, 863493.751, 92
Trd, 863493.918, 91
Trd, 863494.518, 99
Trd, 863495.084, 101
Trd, 863495.668, 98
Trd, 863496.068, 102
Trd, 863496.651, 103
Trd, 863496.884, 97
Trd, 863496.968, 96
Trd, 863497.034, 95
Trd, 863497.518, 93
Trd, 863498.301, 94
Trd, 863498.868, 97
Trd, 863498.884, 99
Trd, 863499.018, 101
Trd, 863499.101, 95
Trd, 863499.468, 87
Trd, 863500.218, 82
Trd, 863500.384, 99
Trd, 863500.784, 82
Trd, 863501.718, 83
Trd, 863501.951, 97
Trd, 863502.734, 85
Trd, 863503.201, 87
Trd, 863503.434, 92
Trd, 863503.718, 89
Trd, 863503.834, 88
Trd, 863503.851, 90
Trd, 863503.884, 92
Trd, 863504.568, 93
Trd, 863504.634, 95
Trd, 863504.801, 86
Trd, 863505.768, 104
Trd, 863506.768, 94
Trd, 863507.051, 95
Trd, 863507.434, 105
Trd, 863507.668, 104
Trd, 863507.701, 90
Trd, 863507.818, 86
Trd, 863508.018, 107
Trd, 863508.151, 109
Trd, 863508.701, 91
Trd, 863509.034, 108
Trd, 863509.684, 108
Trd, 863510.151, 89
Trd, 863510.401, 90
Trd, 863510.701, 88
Trd, 863511.101, 95
Trd, 863511.268, 91
Trd, 863511.551, 109
Trd, 863512.501, 93
Trd, 863513.234, 102
Trd, 863513.368, 104
Trd, 863513.651, 98
Trd, 863514.101, 100
Trd, 863514.134, 99
Trd, 863514.384, 97
Trd, 863515.001, 103
Trd, 863515.101, 104
Trd, 863515.701, 95
Trd, 863516.018, 96
Trd, 863516.101, 95
Trd, 863516.518, 98
Trd, 863516.868, 99
Trd, 863517.351, 94
Trd, 863517.551, 90
Trd, 863518.201, 88
Trd, 863518.251, 86
Trd, 863518.718, 87
Trd, 863518.768, 101
Trd, 863518.918, 95
Trd, 863519.068, 94
Trd, 863519.868, 88
Trd, 863520.334, 83
Trd, 863520.734, 90
Trd, 863520.751, 83
Trd, 863520.818, 92
Trd, 863520.868, 93
Trd, 863521.318, 86
Trd, 863521.501, 86
Trd, 863521.534, 93
Trd, 863522.501, 103
Trd, 863522.551, 104
Trd, 863523.368, 90
Trd, 863523.384, 91
Trd, 863523.501, 103
Trd, 863524.151, 106
Trd, 863524.384, 87
Trd, 863524.401, 76
Trd, 863524.901, 105
Trd, 863525.384, 104
Trd, 863526.334, 105
Trd, 863527.101, 104
Trd, 863527.584, 95
Trd, 863527.601, 94
Trd, 863527.668, 90
Trd, 863527.934, 105
Trd, 863528.434, 105
Trd, 863528.568, 105
Trd, 863528.601, 104
Trd, 863528.801, 104
Trd, 863528.884, 103
Trd, 863529.001, 105
Trd, 863529.734, 84
Trd, 863530.268, 103
Trd, 863530.784, 102
Trd, 863531.168, 102
Trd, 863531.568, 95
Trd, 863531.601, 94
Trd, 863532.134, 96
Trd, 863532.318, 95
Trd, 863532.484, 93
Trd, 863532.684, 97
Trd, 863533.101, 98
Trd, 863533.318, 87
Trd, 863534.568, 92
Trd, 863534.584, 93
Trd, 863534.684, 91
Trd, 863534.934, 89
Trd, 863535.218, 103
Trd, 863535.851, 104
Trd, 863536.518, 99
Trd, 863536.618, 95
Trd, 863536.668, 93
Trd, 863537.168, 96
Trd, 863537.334, 101
Trd, 863538.251, 104
Trd, 863538.634, 101
Trd, 863538.718, 94
Trd, 863538.734, 92
Trd, 863539.151, 90
Trd, 863539.418, 87
Trd, 863539.901, 87
Trd, 863540.201, 97
Trd, 863540.284, 99
Trd, 863540.351, 100
Trd, 863541.484, 97
Trd, 863541.718, 98
Trd, 863541.784, 98
Trd, 863541.884, 97
Trd, 863542.268, 101
Trd, 863542.284, 93
Trd, 863542.301, 92
Trd, 863543.084, 100
Trd, 863544.051, 95
Trd, 863544.951, 97
Trd, 863545.034, 97
Trd, 863545.151, 96
Trd, 863545.268, 95
Trd, 863545.801, 98
Trd, 863546.384, 93
Trd, 863546.618, 92
Trd, 863547.001, 90
Trd, 863547.118, 93
Trd, 863547.134, 101
Trd, 863547.351, 89
Trd, 863547.401, 103
Trd, 863547.584, 104
Trd, 863547.634, 106
Trd, 863548.351, 108
Trd, 863548.884, 109
Trd, 863549.051, 108
Trd, 863549.118, 100
Trd, 863550.134, 113
Trd, 863550.234, 112
Trd, 863551.134, 109
Trd, 863551.351, 107
Trd, 863551.851, 107
Trd, 863552.484, 95
Trd, 863553.068, 92
Trd, 863553.218, 93
Trd, 863553.368, 92
Trd, 863553.418, 90
Trd, 863553.901, 103
Trd, 863553.968, 88
Trd, 863554.084, 87
Trd, 863554.568, 103
Trd, 863554.984, 104
Trd, 863555.501, 102
Trd, 863555.951, 102
Trd, 863556.134, 106
Trd, 863556.601, 100
Trd, 863556.734, 99
Trd, 863557.034, 98
Trd, 863557.268, 100
Trd, 863557.484, 98
Trd, 863557.684, 107
Trd, 863558.118, 97
Trd, 863558.201, 96
Trd, 863558.768, 101
Trd, 863559.018, 100
Trd, 863559.418, 91
Trd, 863559.501, 82
Trd, 863559.568, 97
Trd, 863559.651, 98
Trd, 863559.684, 79
Trd, 863560.168, 105
Trd, 863560.401, 105
Trd, 863560.834, 99
Trd, 863561.351, 95
Trd, 863561.368, 89
Trd, 863561.968, 90
Trd, 863562.518, 91
Trd, 863563.418, 100
Trd, 863563.918, 99
Trd, 863564.018, 99
Trd, 863564.068, 98
Trd, 863564.251, 90
Trd, 863564.551, 100
Trd, 863565.018, 90
Trd, 863565.218, 89
Trd, 863565.401, 103
Trd, 863565.501, 88
Trd, 863565.751, 104
Trd, 863567.201, 92
Trd, 863567.418, 91
Trd, 863567.451, 87
Trd, 863567.784, 100
Trd, 863567.818, 82
Trd, 863568.301, 85
Trd, 863569.468, 97
Trd, 863569.584, 88
Trd, 863569.901, 91
Trd, 863569.934, 99
Trd, 863569.968, 90
Trd, 863570.518, 104
Trd, 863570.918, 91
Trd, 863571.084, 105
Trd, 863571.384, 92
Trd, 863572.834, 98
Trd, 863573.184, 95
Trd, 863573.318, 91
Trd, 863573.451, 96
Trd, 863573.468, 97
Trd, 863573.668, 97
Trd, 863574.401, 95
Trd, 863574.501, 98
Trd, 863575.368, 91
Trd, 863575.501, 91
Trd, 863575.568, 90
Trd, 863576.201, 105
Trd, 863576.651, 106
Trd, 863577.668, 105
Trd, 863577.818, 104
Trd, 863578.184, 100
Trd, 863578.468, 99
Trd, 863578.918, 101
Trd, 863579.034, 103
Trd, 863579.518, 104
Trd, 863579.734, 104
Trd, 863579.801, 95
Trd, 863579.951, 91
Trd, 863580.384, 92
Trd, 863581.051, 92
Trd, 863581.551, 94
Trd, 863582.001, 104
Trd, 863582.451, 101
Trd, 863582.534, 101
Trd, 863582.768, 101
Trd, 863583.034, 102
Trd, 863583.684, 102
Trd, 863583.918, 103
Trd, 863584.118, 106
Trd, 863584.168, 102
Trd, 863584.368, 91
Trd, 863584.551, 108
Trd, 863584.701, 87
Trd, 863584.734, 91
Trd, 863584.868, 83
Trd, 863585.268, 82
Trd, 863585.668, 77
Trd, 863586.018, 79
Trd, 863586.068, 105
Trd, 863586.401, 77
Trd, 863587.718, 102
Trd, 863587.918, 103
Trd, 863588.084, 104
Trd, 863588.334, 106
Trd, 863588.901, 110
Trd, 863589.601, 117
Trd, 863589.734, 108
Trd, 863590.468, 108
Trd, 863591.234, 107
Trd, 863591.418, 106
Trd, 863591.768, 110
Trd, 863591.934, 107
Trd, 863592.101, 106
Trd, 863592.401, 98
Trd, 863592.618, 106
Trd, 863592.801, 94
Trd, 863593.584, 103
Trd, 863593.751, 104
Trd, 863593.934, 101
Trd, 863593.984, 100
Trd, 863594.118, 93
Trd, 863594.834, 93
Trd, 863594.968, 102
Trd, 863595.034, 91
Trd, 863595.334, 100
Trd, 863595.501, 99
Trd, 863595.518, 100
Trd, 863595.868, 91
Trd, 863596.001, 90
Trd, 863596.351, 100
Trd, 863596.534, 83
Trd, 863597.268, 90
Trd, 863597.384, 91
Trd, 863598.051, 85
Trd, 863598.434, 85
Trd, 863598.484, 84
Trd, 863598.734, 90
Trd, 863599.934, 91
Trd, 863600.084, 95
Trd, 863600.351, 92
Trd, 863600.768, 96
Trd, 863600.868, 98
Trd, 863601.234, 90
Trd, 863602.101, 90
Trd, 863602.418, 89
Trd, 863602.818, 88
Trd, 863603.334, 91
Trd, 863603.418, 93
Trd, 863603.534, 90
Trd, 863603.884, 94
Trd, 863604.101, 95
Trd, 863604.218, 98
Trd, 863604.418, 102
Trd, 863604.984, 93
Trd, 863605.201, 92
Trd, 863605.434, 91
Trd, 863605.684, 91
Trd, 863605.901, 92
Trd, 863605.984, 98
Trd, 863606.068, 104
Trd, 863606.168, 91
Trd, 863606.418, 90
Trd, 863606.568, 89
Trd, 863606.634, 96
Trd, 863607.118, 106
Trd, 863608.268, 112
Trd, 863609.168, 108
Trd, 863609.351, 110
Trd, 863609.518, 107
Trd, 863609.734, 103
Trd, 863609.768, 109
Trd, 863611.018, 108
Trd, 863611.484, 87
Trd, 863612.634, 102
Trd, 863612.818, 87
Trd, 863613.151, 91
Trd, 863613.534, 87
Trd, 863614.234, 93
Trd, 863614.318, 92
Trd, 863614.651, 92
Trd, 863614.734, 95
Trd, 863614.868, 92
Trd, 863616.384, 94
Trd, 863616.434, 92
Trd, 863616.618, 90
Trd, 863616.751, 93
Trd, 863617.218, 94
Trd, 863617.301, 93
Trd, 863617.668, 96
Trd, 863617.718, 98
Trd, 863617.868, 96
Trd, 863618.884, 92
Trd, 863619.384, 91
Trd, 863619.401, 90
Trd, 863619.668, 95
Trd, 863620.784, 99
Trd, 863620.834, 89
Trd, 863621.151, 98
Trd, 863621.384, 98
Trd, 863621.534, 89
Trd, 863621.818, 99
Trd, 863621.868, 89
Trd, 863622.851, 95
Trd, 863623.234, 92
Trd, 863623.368, 93
Trd, 863623.534, 92
Trd, 863623.684, 95
Trd, 863623.801, 91
Trd, 863624.084, 95
Trd, 863624.334, 96
Trd, 863625.051, 105
Trd, 863625.868, 100
Trd, 863626.034, 104
Trd, 863626.234, 99
Trd, 863626.451, 99
Trd, 863626.634, 98
Trd, 863627.034, 90
Trd, 863628.051, 104
Trd, 863628.068, 90
Trd, 863628.118, 105
Trd, 863628.518, 91
Trd, 863629.201, 90
Trd, 863629.901, 89
Trd, 863630.268, 92
Trd, 863630.334, 89
Trd, 863630.501, 89
Trd, 863630.534, 95
Trd, 863630.684, 88
Trd, 863630.851, 87
Trd, 863630.951, 96
Trd, 863631.518, 98
Trd, 863632.518, 101
Trd, 863632.768, 100
Trd, 863632.834, 98
Trd, 863633.068, 104
Trd, 863633.234, 106
Trd, 863633.834, 108
Trd, 863633.918, 109
Trd, 863634.434, 113
Trd, 863635.018, 100
Trd, 863635.351, 99
Trd, 863635.618, 104
Trd, 863635.634, 103
Trd, 863636.401, 97
Trd, 863636.551, 109
Trd, 863636.701, 110
Trd, 863637.101, 113
Trd, 863637.868, 114
Trd, 863638.418, 113
Trd, 863638.801, 109
Trd, 863638.884, 104
Trd, 863639.201, 102
Trd, 863640.268, 100
Trd, 863640.318, 104
Trd, 863640.351, 105
Trd, 863640.734, 90
Trd, 863640.918, 98
Trd, 863641.134, 87
Trd, 863642.001, 96
Trd, 863642.034, 95
Trd, 863642.101, 87
Trd, 863642.368, 89
Trd, 863642.634, 93
Trd, 863642.918, 92
Trd, 863643.384, 91
Trd, 863644.051, 93
Trd, 863644.434, 95
Trd, 863644.618, 92
Trd, 863644.901, 89
Trd, 863644.968, 88
Trd, 863645.384, 98
Trd, 863645.584, 103
Trd, 863645.801, 103
Trd, 863646.118, 104
Trd, 863646.734, 90
Trd, 863647.151, 91
Trd, 863647.618, 98
Trd, 863647.651, 93
Trd, 863647.951, 94
Trd, 863648.034, 99
Trd, 863648.201, 94
Trd, 863648.401, 94
Trd, 863649.201, 93
Trd, 863650.068, 98
Trd, 863650.501, 98
Trd, 863650.734, 103
Trd, 863650.934, 104
Trd, 863651.501, 102
Trd, 863652.151, 103
Trd, 863652.401, 102
Trd, 863652.834, 100
Trd, 863653.251, 99
Trd, 863653.351, 103
Trd, 863653.718, 98
Trd, 863653.884, 104
Trd, 863653.951, 104
Trd, 863654.184, 88
Trd, 863654.284, 94
Trd, 863654.351, 82
Trd, 863655.118, 88
Trd, 863655.818, 89
Trd, 863656.551, 94
Trd, 863656.818, 103
Trd, 863656.884, 103
Trd, 863657.201, 106
Trd, 863657.951, 107
Trd, 863658.568, 89
Trd, 863658.651, 88
Trd, 863658.718, 89
Trd, 863658.868, 90
Trd, 863659.051, 94
Trd, 863659.268, 89
Trd, 863659.301, 87
Trd, 863660.134, 84
Trd, 863660.184, 95
Trd, 863661.034, 86
Trd, 863661.784, 92
Trd, 863662.251, 91
Trd, 863662.384, 91
Trd, 863662.484, 91
Trd, 863663.268, 90
Trd, 863663.434, 82
Trd, 863663.601, 82
Trd, 863663.618, 91
Trd, 863663.884, 92
Trd, 863664.118, 92
Trd, 863664.318, 93
Trd, 863664.518, 95
Trd, 863665.284, 104
Trd, 863665.618, 105
Trd, 863665.751, 88
Trd, 863665.818, 88
Trd, 863665.884, 106
Trd, 863666.301, 109
Trd, 863666.451, 104
Trd, 863667.168, 97
Trd, 863667.768, 89
Trd, 863668.134, 108
Trd, 863668.451, 90
Trd, 863670.451, 94
Trd, 863670.701, 98
Trd, 863670.751, 93
Trd, 863671.668, 97
Trd, 863671.701, 96
Trd, 863671.868, 98
Trd, 863671.951, 96
Trd, 863672.634, 96
Trd, 863672.718, 95
Trd, 863673.334, 91
Trd, 863673.968, 94
Trd, 863674.034, 99
Trd, 863674.201, 100
Trd, 863674.284, 93
Trd, 863674.301, 103
Trd, 863674.484, 90
Trd, 863674.634, 92
Trd, 863674.868, 103
Trd, 863675.368, 88
Trd, 863675.851, 104
Trd, 863675.918, 106
Trd, 863676.701, 109
Trd, 863677.134, 94
Trd, 863677.151, 112
Trd, 863678.234, 95
Trd, 863678.368, 105
Trd, 863679.251, 95
Trd, 863679.268, 104
Trd, 863679.318, 94
Trd, 863679.701, 91
Trd, 863680.068, 97
Trd, 863680.718, 92
Trd, 863680.934, 90
Trd, 863681.318, 97
Trd, 863681.401, 98
Trd, 863681.651, 104
Trd, 863681.701, 106
Trd, 863682.284, 94
Trd, 863682.334, 89
Trd, 863682.668, 92
Trd, 863682.784, 92
Trd, 863683.118, 90
Trd, 863684.301, 103
Trd, 863685.468, 98
Trd, 863685.734, 98
Trd, 863685.934, 94
Trd, 863686.418, 93
Trd, 863686.934, 94
Trd, 863686.951, 91
Trd, 863687.418, 91
Trd, 863687.551, 94
Trd, 863687.768, 90
Trd, 863687.884, 95
Trd, 863689.134, 87
Trd, 863689.534, 87
Trd, 863689.551, 86
Trd, 863689.751, 95
Trd, 863690.484, 96
Trd, 863690.768, 94
Trd, 863690.784, 93
Trd, 863690.868, 93
Trd, 863691.001, 98
Trd, 863691.801, 109
Trd, 863692.968, 94
Trd, 863693.151, 93
Trd, 863693.218, 108
Trd, 863693.751, 104
Trd, 863694.101, 95
Trd, 863694.218, 95
Trd, 863694.351, 94
Trd, 863694.468, 104
Trd, 863694.601, 94
Trd, 863695.184, 101
Trd, 863695.268, 96
Trd, 863695.301, 95
Trd, 863695.384, 101
Trd, 863696.018, 95
Trd, 863696.268, 91
Trd, 863696.384, 90
Trd, 863696.834, 100
Trd, 863696.901, 101
Trd, 863696.951, 103
Trd, 863697.301, 83
Trd, 863697.968, 108
Trd, 863698.301, 109
Trd, 863698.884, 103
Trd, 863699.251, 102
Trd, 863699.434, 99
Trd, 863701.001, 101
Trd, 863701.334, 92
Trd, 863701.468, 88
Trd, 863703.068, 94
Trd, 863703.201, 93
Trd, 863703.284, 92
Trd, 863703.801, 90
Trd, 863703.851, 88
Trd, 863703.868, 93
Trd, 863703.918, 95
Trd, 863703.968, 87
Trd, 863704.618, 93
Trd, 863704.901, 94
Trd, 863705.318, 95
Trd, 863705.384, 89
Trd, 863706.034, 98
Trd, 863706.051, 91
Trd, 863706.934, 99
Trd, 863707.301, 94
Trd, 863707.434, 94
Trd, 863707.684, 95
Trd, 863707.801, 93
Trd, 863708.134, 104
Trd, 863708.284, 80
Trd, 863708.318, 79
Trd, 863708.518, 78
Trd, 863708.934, 75
Trd, 863708.984, 80
Trd, 863709.734, 101
Trd, 863711.668, 80
Trd, 863711.968, 89
Trd, 863712.451, 94
Trd, 863712.501, 97
Trd, 863712.701, 92
Trd, 863712.901, 92
Trd, 863713.234, 91
Trd, 863713.268, 95
Trd, 863713.568, 92
Trd, 863713.768, 104
Trd, 863714.101, 95
Trd, 863714.234, 96
Trd, 863714.968, 91
Trd, 863715.368, 105
Trd, 863715.618, 104
Trd, 863715.751, 98
Trd, 863716.051, 91
Trd, 863716.084, 90
Trd, 863716.451, 87
Trd, 863716.618, 103
Trd, 863717.034, 95
Trd, 863717.251, 103
Trd, 863717.551, 88
Trd, 863717.968, 104
Trd, 863718.751, 105
Trd, 863719.001, 107
Trd, 863719.734, 96
Trd, 863719.751, 95
Trd, 863719.901, 86
Trd, 863720.484, 90
Trd, 863720.884, 87
Trd, 863721.268, 87
Trd, 863722.418, 86
Trd, 863722.584, 86
Trd, 863722.601, 84
Trd, 863722.868, 83
Trd, 863723.018, 93
Trd, 863723.418, 97
Trd, 863723.634, 96
Trd, 863724.034, 91
Trd, 863724.351, 90
Trd, 863724.934, 94
Trd, 863725.268, 91
Trd, 863725.651, 84
Trd, 863725.801, 93
Trd, 863726.168, 86
Trd, 863726.384, 96
Trd, 863726.468, 86
Trd, 863726.968, 98
Trd, 863727.084, 78
Trd, 863727.868, 99
Trd, 863728.418, 89
Trd, 863728.734, 90
Trd, 863728.968, 101
Trd, 863729.051, 102
Trd, 863729.318, 89
Trd, 863730.601, 100
Trd, 863731.051, 99
Trd, 863731.118, 98
Trd, 863731.151, 101
Trd, 863731.351, 95
Trd, 863732.134, 104
Trd, 863732.701, 103
Trd, 863732.751, 104
Trd, 863732.901, 95
Trd, 863733.751, 98
Trd, 863733.784, 95
Trd, 863734.051, 94
Trd, 863734.601, 102
Trd, 863734.801, 95
Trd, 863734.918, 94
Trd, 863735.101, 93
Trd, 863735.501, 82
Trd, 863735.568, 78
Trd, 863736.151, 91
Trd, 863737.001, 96
Trd, 863737.234, 95
Trd, 863737.301, 95
Trd, 863737.434, 92
Trd, 863738.818, 94
Trd, 863738.918, 95
Trd, 863739.034, 93
Trd, 863739.301, 95
Trd, 863739.834, 98
Trd, 863740.034, 104
Trd, 863740.084, 106
Trd, 863740.218, 94
Trd, 863740.784, 105
Trd, 863740.868, 96
Trd, 863741.068, 105
Trd, 863741.651, 106
Trd, 863741.951, 98
Trd, 863742.284, 97
Trd, 863742.484, 95
Trd, 863742.618, 104
Trd, 863743.284, 104
Trd, 863744.218, 104
Trd, 863744.568, 103
Trd, 863744.801, 103
Trd, 863745.134, 99
Trd, 863745.484, 104
Trd, 863745.768, 99
Trd, 863745.934, 98
Trd, 863746.001, 112
Trd, 863746.784, 109
Trd, 863747.301, 104
Trd, 863747.318, 110
Trd, 863748.118, 94
Trd, 863748.318, 92
Trd, 863748.501, 92
Trd, 863749.384, 94
Trd, 863750.034, 95
Trd, 863750.084, 94
Trd, 863750.784, 98
Trd, 863751.001, 98
Trd, 863751.051, 99
Trd, 863752.118, 100
Trd, 863752.184, 99
Trd, 863752.334, 94
Trd, 863753.301, 95
Trd, 863754.234, 90
Trd, 863754.318, 91
Trd, 863754.534, 100
Trd, 863754.934, 104
Trd, 863754.968, 106
Trd, 863754.984, 89
Trd, 863755.218, 86
Trd, 863755.284, 93
Trd, 863755.318, 85
Trd, 863755.551, 83
Trd, 863756.234, 108
Trd, 863756.451, 115
Trd, 863756.951, 90
Trd, 863757.751, 94
Trd, 863757.984, 114
Trd, 863758.518, 97
Trd, 863758.551, 114
Trd, 863759.201, 100
Trd, 863759.318, 99
Trd, 863759.418, 99
Trd, 863760.118, 97
Trd, 863761.034, 101
Trd, 863761.418, 101
Trd, 863761.784, 102
Trd, 863761.984, 102
Trd, 863762.068, 104
Trd, 863762.218, 103
Trd, 863762.284, 102
Trd, 863762.368, 101
Trd, 863762.934, 103
Trd, 863763.234, 96
Trd, 863764.001, 90
Trd, 863764.034, 89
Trd, 863764.501, 101
Trd, 863764.651, 102
Trd, 863765.701, 93
Trd, 863765.951, 99
Trd, 863766.084, 90
Trd, 863766.668, 91
Trd, 863766.801, 93
Trd, 863766.868, 100
Trd, 863766.934, 106
Trd, 863767.234, 93
Trd, 863767.301, 114
Trd, 863768.068, 95
Trd, 863768.351, 115
Trd, 863768.501, 97
Trd, 863768.918, 97
Trd, 863769.101, 97
Trd, 863769.951, 105
Trd, 863770.668, 100
Trd, 863771.068, 90
Trd, 863771.118, 90
Trd, 863771.151, 87
Trd, 863772.301, 88
Trd, 863772.451, 89
Trd, 863772.701, 88
Trd, 863773.301, 90
Trd, 863773.634, 91
Trd, 863773.718, 90
Trd, 863773.751, 87
Trd, 863774.318, 93
Trd, 863774.618, 82
Trd, 863774.768, 95
Trd, 863774.834, 98
Trd, 863774.918, 96
Trd, 863775.268, 108
Trd, 863775.784, 107
Trd, 863776.318, 107
Trd, 863776.451, 106
Trd, 863776.551, 107
Trd, 863776.968, 105
Trd, 863777.034, 106
Trd, 863777.184, 104
Trd, 863777.718, 98
Trd, 863777.834, 88
Trd, 863778.218, 87
Trd, 863778.451, 86
Trd, 863778.484, 107
Trd, 863778.818, 83
Trd, 863779.918, 112
Trd, 863780.351, 115
Trd, 863780.801, 92
Trd, 863781.301, 112
Trd, 863781.468, 109
Trd, 863781.601, 109
Trd, 863781.901, 108
Trd, 863782.334, 101
Trd, 863782.551, 109
Trd, 863783.634, 107
Trd, 863783.968, 105
Trd, 863784.118, 104
Trd, 863784.418, 90
Trd, 863785.084, 104
Trd, 863785.551, 85
Trd, 863785.734, 85
Trd, 863786.001, 99
Trd, 863786.968, 90
Trd, 863786.984, 88
Trd, 863787.268, 90
Trd, 863787.384, 89
Trd, 863787.434, 91
Trd, 863787.618, 87
Trd, 863787.784, 87
Trd, 863788.118, 97
Trd, 863788.134, 98
Trd, 863788.468, 84
Trd, 863789.084, 102
Trd, 863789.534, 92
Trd, 863789.684, 104
Trd, 863789.734, 87
Trd, 863790.051, 101
Trd, 863790.334, 89
Trd, 863790.451, 88
Trd, 863791.301, 89
Trd, 863791.651, 89
Trd, 863791.834, 89
Trd, 863792.118, 88
Trd, 863792.184, 91
Trd, 863792.351, 93
Trd, 863792.651, 93
Trd, 863792.984, 95
Trd, 863794.034, 90
Trd, 863794.568, 92
Trd, 863794.701, 103
Trd, 863794.734, 104
Trd, 863794.918, 90
Trd, 863795.434, 102
Trd, 863795.684, 93
Trd, 863796.034, 101
Trd, 863796.218, 108
Trd, 863796.251, 96
Trd, 863796.284, 91
Trd, 863797.001, 88
Trd, 863797.034, 92
Trd, 863797.534, 93
Trd, 863798.168, 89
Trd, 863798.201, 88
Trd, 863799.268, 94
Trd, 863800.151, 102
Trd, 863800.701, 93
Trd, 863800.918, 93
Trd, 863801.284, 93
Trd, 863801.618, 94
Trd, 863801.968, 95
Trd, 863802.501, 102
Trd, 863802.518, 94
Trd, 863802.851, 103
Trd, 863803.184, 91
Trd, 863803.484, 92
Trd, 863803.518, 90
Trd, 863804.134, 88
Trd, 863804.468, 93
Trd, 863804.768, 89
Trd, 863804.818, 87
Trd, 863805.084, 102
Trd, 863806.001, 85
Trd, 863806.518, 90
Trd, 863806.768, 93
Trd, 863808.101, 95
Trd, 863808.918, 95
Trd, 863809.068, 94
Trd, 863809.118, 93
Trd, 863809.284, 92
Trd, 863809.334, 95
Trd, 863809.418, 96
Trd, 863809.651, 91
Trd, 863809.768, 96
Trd, 863809.934, 96
Trd, 863810.351, 98
Trd, 863810.968, 92
Trd, 863811.101, 87
Trd, 863811.734, 89
Trd, 863812.201, 104
Trd, 863812.601, 104
Trd, 863813.201, 94
Trd, 863814.018, 101
Trd, 863814.068, 98
Trd, 863814.118, 101
Trd, 863814.418, 96
Trd, 863814.584, 97
Trd, 863814.801, 102
Trd, 863814.884, 96
Trd, 863815.701, 94
Trd, 863815.751, 104
Trd, 863815.968, 103
Trd, 863816.218, 94
Trd, 863816.268, 104
Trd, 863817.201, 104
Trd, 863817.351, 98
Trd, 863817.368, 96
Trd, 863818.351, 91
Trd, 863818.701, 91
Trd, 863819.468, 94
Trd, 863819.768, 95
Trd, 863819.784, 97
Trd, 863820.018, 92
Trd, 863821.168, 96
Trd, 863821.234, 94
Trd, 863821.418, 98
Trd, 863822.118, 92
Trd, 863822.384, 91
Trd, 863822.834, 99
Trd, 863823.201, 99
Trd, 863823.684, 96
Trd, 863823.784, 94
Trd, 863823.984, 92
Trd, 863824.118, 97
Trd, 863824.551, 95
Trd, 863825.184, 97
Trd, 863825.418, 97
Trd, 863825.434, 98
Trd, 863825.784, 104
Trd, 863825.818, 95
Trd, 863826.118, 93
Trd, 863827.101, 99
Trd, 863827.434, 103
Trd, 863828.418, 104
Trd, 863828.718, 104
Trd, 863829.084, 104
Trd, 863829.468, 104
Trd, 863829.534, 98
Trd, 863829.818, 104
Trd, 863829.851, 91
Trd, 863830.018, 93
Trd, 863830.384, 105
Trd, 863830.568, 104
Trd, 863831.034, 104
Trd, 863831.451, 92
Trd, 863832.368, 98
Trd, 863832.818, 91
Trd, 863833.284, 92
Trd, 863833.401, 90
Trd, 863833.518, 95
Trd, 863833.584, 88
Trd, 863834.084, 91
Trd, 863834.601, 92
Trd, 863835.051, 98
Trd, 863835.334, 104
Trd, 863835.401, 89
Trd, 863835.734, 91
Trd, 863835.934, 106
Trd, 863836.568, 91
Trd, 863836.751, 91
Trd, 863837.018, 95
Trd, 863837.201, 106
Trd, 863838.084, 104
Trd, 863838.234, 104
Trd, 863838.401, 98
Trd, 863838.451, 94
Trd, 863839.718, 106
Trd, 863839.818, 108
Trd, 863840.518, 101
Trd, 863840.568, 100
Trd, 863840.618, 98
Trd, 863840.768, 105
Trd, 863841.001, 96
Trd, 863841.801, 104
Trd, 863841.934, 104
Trd, 863842.218, 97
Trd, 863842.601, 96
Trd, 863842.634, 104
Trd, 863842.784, 95
Trd, 863843.651, 91
Trd, 863844.034, 103
Trd, 863844.951, 103
Trd, 863845.434, 102
Trd, 863845.451, 101
Trd, 863845.551, 104
Trd, 863845.584, 99
Trd, 863845.684, 104
Trd, 863845.851, 98
Trd, 863846.134, 97
Trd, 863846.518, 87
Trd, 863846.534, 106
Trd, 863846.984, 104
Trd, 863847.268, 86
Trd, 863848.118, 106
Trd, 863848.484, 88
Trd, 863848.801, 105
Trd, 863848.901, 106
Trd, 863849.568, 94
Trd, 863849.701, 93
Trd, 863850.118, 106
Trd, 863850.518, 106
Trd, 863851.968, 98
Trd, 863852.234, 98
Trd, 863852.318, 97
Trd, 863852.501, 101
Trd, 863852.618, 101
Trd, 863852.668, 96
Trd, 863854.101, 99
Trd, 863854.168, 102
Trd, 863854.451, 99
Trd, 863854.484, 104
Trd, 863854.901, 98
Trd, 863855.068, 94
Trd, 863855.301, 90
Trd, 863855.734, 97
Trd, 863855.984, 105
Trd, 863856.168, 106
Trd, 863856.634, 84
Trd, 863857.401, 84
Trd, 863857.768, 93
Trd, 863858.384, 104
Trd, 863858.434, 105
Trd, 863858.634, 103
Trd, 863858.668, 106
Trd, 863858.818, 106
Trd, 863858.834, 107
Trd, 863859.818, 90
Trd, 863859.984, 90
Trd, 863860.018, 89
Trd, 863860.418, 97
Trd, 863861.651, 103
Trd, 863861.884, 98
Trd, 863862.068, 97
Trd, 863863.201, 99
Trd, 863863.218, 100
Trd, 863863.701, 100
Trd, 863864.018, 100
Trd, 863864.101, 99
Trd, 863864.318, 98
Trd, 863864.368, 100
Trd, 863864.451, 104
Trd, 863864.601, 104
Trd, 863865.018, 92
Trd, 863865.301, 90
Trd, 863865.418, 103
Trd, 863865.934, 87
Trd, 863866.351, 104
Trd, 863866.634, 104
Trd, 863866.784, 106
Trd, 863867.001, 109
Trd, 863867.134, 115
Trd, 863867.568, 118
Trd, 863867.901, 104
Trd, 863868.734, 100
Trd, 863869.068, 101
Trd, 863869.584, 102
Trd, 863869.868, 101
Trd, 863870.084, 98
Trd, 863870.284, 100
Trd, 863870.818, 90
Trd, 863871.268, 83
Trd, 863871.634, 102
Trd, 863871.651, 104
Trd, 863871.768, 85
Trd, 863871.818, 84
Trd, 863871.851, 106
Trd, 863872.051, 109
Trd, 863873.518, 104
Trd, 863873.851, 93
Trd, 863874.551, 107
Trd, 863874.618, 94
Trd, 863875.318, 99
Trd, 863875.518, 108
Trd, 863876.068, 95
Trd, 863876.434, 104
Trd, 863876.584, 105
Trd, 863876.834, 100
Trd, 863876.868, 106
Trd, 863877.251, 104
Trd, 863877.401, 109
Trd, 863877.418, 95
Trd, 863877.434, 95
Trd, 863877.618, 90
Trd, 863878.201, 90
Trd, 863878.701, 92
Trd, 863879.784, 92
Trd, 863880.284, 92
Trd, 863880.834, 92
Trd, 863881.151, 102
Trd, 863881.668, 92
Trd, 863881.851, 91
Trd, 863881.901, 90
Trd, 863882.018, 99
Trd, 863882.284, 88
Trd, 863882.734, 100
Trd, 863883.018, 88
Trd, 863883.284, 104
Trd, 863884.168, 89
Trd, 863884.534, 88
Trd, 863884.884, 100
Trd, 863885.051, 89
Trd, 863885.618, 100
Trd, 863885.901, 105
Trd, 863886.568, 102
Trd, 863887.568, 100
Trd, 863887.601, 99
Trd, 863887.734, 98
Trd, 863887.784, 98
Trd, 863888.534, 104
Trd, 863888.718, 97
Trd, 863889.134, 104
Trd, 863889.151, 99
Trd, 863889.501, 105
Trd, 863889.568, 99
Trd, 863890.218, 92
Trd, 863890.384, 91
Trd, 863890.784, 93
Trd, 863891.701, 93
Trd, 863891.801, 104
Trd, 863892.184, 92
Trd, 863892.668, 104
Trd, 863892.751, 106
Trd, 863892.818, 109
Trd, 863893.051, 115
Trd, 863894.001, 110
Trd, 863894.051, 111
Trd, 863894.134, 107
Trd, 863894.468, 106
Trd, 863894.751, 98
Trd, 863895.834, 98
Trd, 863896.034, 97
Trd, 863896.401, 95
Trd, 863896.768, 107
Trd, 863897.384, 104
Trd, 863897.718, 95
Trd, 863898.318, 102
Trd, 863898.401, 94
Trd, 863898.451, 90
Trd, 863898.568, 102
Trd, 863899.034, 89
Trd, 863899.118, 88
Trd, 863899.518, 88
Trd, 863900.868, 97
Trd, 863900.951, 93
Trd, 863901.701, 93
Trd, 863901.751, 95
Trd, 863901.818, 95
Trd, 863902.468, 92
Trd, 863902.901, 93
Trd, 863903.168, 93
Trd, 863903.318, 92
Trd, 863904.334, 99
Trd, 863904.484, 100
Trd, 863904.701, 94
Trd, 863904.834, 93
Trd, 863905.434, 98
Trd, 863905.884, 90
Trd, 863906.051, 91
Trd, 863906.101, 96
Trd, 863906.401, 90
Trd, 863906.434, 99
Trd, 863906.701, 104
Trd, 863906.818, 88
Trd, 863906.901, 106
Trd, 863908.351, 104
Trd, 863908.668, 93
Trd, 863908.768, 106
Trd, 863909.868, 101
Trd, 863910.201, 100
Trd, 863910.284, 100
Trd, 863910.684, 99
Trd, 863910.718, 98
Trd, 863911.218, 90
Trd, 863911.384, 88
Trd, 863912.168, 96
Trd, 863912.284, 88
Trd, 863912.468, 83
Trd, 863912.934, 83
Trd, 863913.268, 96
Trd, 863913.501, 97
Trd, 863913.851, 92
Trd, 863914.651, 101
Trd, 863914.901, 101
Trd, 863915.218, 104
Trd, 863916.351, 103
Trd, 863917.034, 105
Trd, 863917.118, 106
Trd, 863917.718, 108
Trd, 863917.951, 108
Trd, 863918.084, 106
Trd, 863918.584, 108
Trd, 863918.834, 106
Trd, 863918.884, 105
Trd, 863919.151, 103
Trd, 863919.534, 101
Trd, 863919.884, 109
Trd, 863920.501, 100
Trd, 863920.601, 99
Trd, 863920.851, 99
Trd, 863921.068, 102
Trd, 863921.418, 113
Trd, 863921.751, 104
Trd, 863921.918, 110
Trd, 863921.951, 113
Trd, 863922.434, 114
Trd, 863923.268, 113
Trd, 863923.351, 106
Trd, 863923.534, 105
Trd, 863924.184, 105
Trd, 863924.851, 105
Trd, 863925.001, 104
Trd, 863925.768, 99
Trd, 863926.101, 98
Trd, 863926.468, 92
Trd, 863926.668, 95
Trd, 863927.084, 92
Trd, 863927.334, 93
Trd, 863927.534, 93
Trd, 863927.551, 89
Trd, 863928.551, 88
Trd, 863928.601, 94
Trd, 863928.884, 95
Trd, 863929.401, 93
Trd, 863929.901, 91
Trd, 863930.551, 98
Trd, 863930.984, 99
Trd, 863931.501, 102
Trd, 863932.418, 99
Trd, 863932.901, 92
Trd, 863933.001, 98
Trd, 863933.201, 91
Trd, 863934.118, 97
Trd, 863934.184, 93
Trd, 863934.718, 95
Trd, 863934.918, 94
Trd, 863934.934, 87
Trd, 863935.051, 100
Trd, 863935.084, 84
Trd, 863935.201, 82
Trd, 863935.251, 77
Trd, 863937.018, 97
Trd, 863937.151, 98
Trd, 863937.318, 91
Trd, 863938.234, 93
Trd, 863938.284, 92
Trd, 863938.451, 97
Trd, 863938.518, 92
Trd, 863938.868, 92
Trd, 863938.934, 96
Trd, 863939.068, 103
Trd, 863939.101, 104
Trd, 863940.418, 97
Trd, 863940.818, 98
Trd, 863941.001, 100
Trd, 863941.234, 104
Trd, 863941.651, 98
Trd, 863942.034, 102
Trd, 863942.284, 100
Trd, 863942.684, 90
Trd, 863942.868, 83
Trd, 863944.368, 99
Trd, 863945.201, 96
Trd, 863945.701, 97
Trd, 863945.768, 99
Trd, 863945.984, 96
Trd, 863946.351, 99
Trd, 863946.384, 100
Trd, 863946.584, 98
Trd, 863946.651, 104
Trd, 863946.751, 105
Trd, 863946.834, 97
Trd, 863947.418, 108
Trd, 863947.484, 109
Trd, 863948.368, 95
Trd, 863948.668, 95
Trd, 863949.068, 89
Trd, 863949.151, 87
Trd, 863949.801, 88
Trd, 863949.918, 88
Trd, 863949.934, 89
Trd, 863950.401, 89
Trd, 863950.951, 92
Trd, 863951.518, 93
Trd, 863951.584, 92
Trd, 863952.184, 98
Trd, 863953.151, 104
Trd, 863953.501, 101
Trd, 863953.684, 103
Trd, 863953.818, 101
Trd, 863954.168, 103
Trd, 863954.418, 106
Trd, 863954.684, 101
Trd, 863955.168, 101
Trd, 863955.451, 102
Trd, 863955.484, 98
Trd, 863956.084, 90
Trd, 863956.301, 100
Trd, 863956.818, 100
Trd, 863957.118, 100
Trd, 863957.534, 92
Trd, 863957.718, 92
Trd, 863958.051, 93
Trd, 863958.251, 93
Trd, 863958.301, 92
Trd, 863958.668, 97
Trd, 863958.784, 92
Trd, 863958.884, 99
Trd, 863959.668, 90
Trd, 863959.684, 90
Trd, 863960.768, 99
Trd, 863962.068, 97
Trd, 863962.084, 96
Trd, 863962.334, 93
Trd, 863962.534, 97
Trd, 863963.168, 90
Trd, 863963.601, 91
Trd, 863964.134, 94
Trd, 863964.434, 94
Trd, 863964.518, 90
Trd, 863964.684, 87
Trd, 863964.768, 95
Trd, 863965.168, 92
Trd, 863965.351, 98
Trd, 863965.418, 101
Trd, 863966.001, 105
Trd, 863966.051, 98
Trd, 863966.401, 97
Trd, 863966.551, 106
Trd, 863967.101, 99
Trd, 863967.184, 107
Trd, 863968.334, 107
Trd, 863968.568, 106
Trd, 863968.718, 106
Trd, 863969.051, 106
Trd, 863969.101, 106
Trd, 863969.134, 107
Trd, 863969.184, 105
Trd, 863970.134, 106
Trd, 863970.568, 101
Trd, 863970.601, 98
Trd, 863972.034, 104
Trd, 863972.184, 97
Trd, 863972.901, 92
Trd, 863973.051, 91
Trd, 863973.918, 98
Trd, 863974.018, 97
Trd, 863974.084, 95
Trd, 863974.151, 93
Trd, 863974.168, 91
Trd, 863974.534, 98
Trd, 863974.668, 98
Trd, 863974.768, 90
Trd, 863975.518, 98
Trd, 863975.601, 99
Trd, 863976.268, 104
Trd, 863976.634, 100
Trd, 863976.801, 98
Trd, 863977.234, 87
Trd, 863978.151, 95
Trd, 863978.518, 105
Trd, 863979.018, 97
Trd, 863979.284, 105
Trd, 863979.818, 94
Trd, 863980.368, 96
Trd, 863980.468, 97
Trd, 863980.501, 93
Trd, 863980.968, 102
Trd, 863981.084, 103
Trd, 863981.284, 89
Trd, 863981.384, 88
Trd, 863981.418, 96
Trd, 863981.601, 88
Trd, 863981.684, 104
Trd, 863982.984, 97
Trd, 863983.518, 96
Trd, 863984.001, 97
Trd, 863984.218, 92
Trd, 863984.268, 98
Trd, 863984.351, 90
Trd, 863984.668, 88
Trd, 863985.101, 87
Trd, 863985.318, 98
Trd, 863985.784, 90
Trd, 863985.851, 98
Trd, 863986.034, 98
Trd, 863986.334, 84
Trd, 863986.601, 85
Trd, 863986.784, 84
Trd, 863986.934, 100
Trd, 863987.768, 82
Trd, 863989.451, 106
Trd, 863989.718, 108
Trd, 863989.784, 107
Trd, 863990.001, 106
Trd, 863990.051, 108
Trd, 863990.134, 106
Trd, 863990.168, 104
Trd, 863990.318, 98
Trd, 863990.484, 107
Trd, 863990.934, 107
Trd, 863991.001, 108
Trd, 863991.934, 96
Trd, 863992.201, 87
Trd, 863992.868, 86
Trd, 863992.968, 89
Trd, 863993.268, 86
Trd, 863993.384, 89
Trd, 863993.601, 90
Trd, 863994.051, 89
Trd, 863994.234, 101
Trd, 863995.218, 90
Trd, 863996.418, 92
Trd, 863996.701, 98
Trd, 863996.834, 92
Trd, 863997.584, 91
Trd, 863997.651, 97
Trd, 863997.934, 88
Trd, 863997.984, 91
Trd, 863998.034, 98
Trd, 863998.651, 84
Trd, 863999.434, 84
