Trd, 863328.668, 103
Trd, 863328.768, 101
Trd, 863328.868, 106
Trd, 863329.284, 108
Trd, 863329.401, 101
Trd, 863329.634, 95
Trd, 863330.701, 109
Trd, 863331.234, 113
Trd, 863331.651, 110
Trd, 863332.168, 109
Trd, 863332.351, 106
Trd, 863332.534, 102
Trd, 863332.684, 102
Trd, 863333.318, 102
Trd, 863333.601, 110
Trd, 863333.734, 101
Trd, 863333.868, 95
Trd, 863334.551, 116
Trd, 863335.134, 101
Trd, 863335.484, 116
Trd, 863335.501, 101
Trd, 863335.668, 101
Trd, 863335.784, 117
Trd, 863335.851, 98
Trd, 863336.601, 99
Trd, 863337.018, 98
Trd, 863337.818, 109
Trd, 863338.201, 117
Trd, 863338.618, 107
Trd, 863338.801, 106
Trd, 863339.001, 120
Trd, 863339.384, 106
Trd, 863339.568, 109
Trd, 863339.668, 105
Trd, 863339.918, 112
Trd, 863340.134, 105
Trd, 863340.668, 104
Trd, 863340.951, 102
Trd, 863341.734, 113
Trd, 863342.484, 112
Trd, 863342.534, 106
Trd, 863342.634, 106
Trd, 863342.784, 103
Trd, 863342.951, 113
Trd, 863343.418, 111
Trd, 863343.451, 115
Trd, 863343.534, 118
Trd, 863344.051, 102
Trd, 863344.551, 101
Trd, 863344.634, 90
Trd, 863345.051, 99
Trd, 863345.851, 95
Trd, 863346.051, 96
Trd, 863346.084, 95
Trd, 863346.101, 94
Trd, 863346.584, 97
Trd, 863347.984, 109
Trd, 863348.534, 97
Trd, 863348.784, 97
Trd, 863348.868, 98
Trd, 863349.034, 98
Trd, 863349.218, 98
Trd, 863349.701, 98
Trd, 863349.901, 99
Trd, 863350.051, 97
Trd, 863351.051, 107
Trd, 863351.668, 97
Trd, 863352.068, 96
Trd, 863352.318, 111
Trd, 863352.401, 112
Trd, 863352.434, 97
Trd, 863352.768, 114
Trd, 863352.918, 96
Trd, 863353.084, 95
Trd, 863353.434, 90
Trd, 863353.768, 99
Trd, 863354.051, 84
Trd, 863354.534, 87
Trd, 863355.434, 90
Trd, 863355.651, 91
Trd, 863355.751, 98
Trd, 863355.884, 107
Trd, 863355.968, 90
Trd, 863356.034, 89
Trd, 863356.768, 97
Trd, 863357.784, 96
Trd, 863357.934, 91
Trd, 863358.168, 90
Trd, 863358.368, 87
Trd, 863358.851, 96
Trd, 863359.134, 101
Trd, 863359.218, 105
Trd, 863359.851, 91
Trd, 863360.168, 90
Trd, 863360.401, 86
Trd, 863361.101, 88
Trd, 863361.401, 105
Trd, 863361.584, 90
Trd, 863362.268, 92
Trd, 863362.368, 100
Trd, 863362.734, 102
Trd, 863363.218, 113
Trd, 863363.351, 106
Trd, 863363.384, 104
Trd, 863364.068, 105
Trd, 863364.968, 115
Trd, 863365.434, 110
Trd, 863365.534, 109
Trd, 863365.734, 114
Trd, 863365.751, 115
Trd, 863366.001, 108
Trd, 863366.018, 117
Trd, 863366.084, 108
Trd, 863366.334, 106
Trd, 863366.518, 95
Trd, 863366.768, 115
Trd, 863366.818, 87
Trd, 863367.534, 99
Trd, 863367.718, 98
Trd, 863368.484, 109
Trd, 863368.601, 107
Trd, 863368.851, 86
Trd, 863369.251, 86
Trd, 863369.584, 109
Trd, 863370.068, 117
Trd, 863370.218, 92
Trd, 863370.384, 99
Trd, 863370.651, 117
Trd, 863371.284, 119
Trd, 863371.501, 119
Trd, 863371.801, 118
Trd, 863372.501, 119
Trd, 863372.584, 117
Trd, 863372.668, 115
Trd, 863373.018, 109
Trd, 863373.251, 105
Trd, 863373.701, 96
Trd, 863373.834, 98
Trd, 863374.584, 99
Trd, 863374.601, 98
Trd, 863374.751, 98
Trd, 863374.834, 95
Trd, 863374.984, 109
Trd, 863375.134, 116
Trd, 863375.434, 100
Trd, 863375.684, 104
Trd, 863375.751, 101
Trd, 863376.068, 115
Trd, 863377.484, 110
Trd, 863377.701, 109
Trd, 863378.218, 112
Trd, 863378.301, 106
Trd, 863378.468, 113
Trd, 863379.034, 105
Trd, 863379.434, 114
Trd, 863380.251, 104
Trd, 863380.351, 96
Trd, 863380.651, 95
Trd, 863381.201, 92
Trd, 863381.968, 96
Trd, 863382.484, 105
Trd, 863382.784, 95
Trd, 863382.968, 94
Trd, 863383.268, 97
Trd, 863383.651, 110
Trd, 863383.734, 112
Trd, 863384.301, 109
Trd, 863384.634, 106
Trd, 863385.084, 112
Trd, 863385.101, 113
Trd, 863385.384, 109
Trd, 863385.934, 110
Trd, 863386.301, 111
Trd, 863386.484, 109
Trd, 863387.451, 118
Trd, 863387.584, 106
Trd, 863388.284, 105
Trd, 863388.351, 104
Trd, 863388.468, 104
Trd, 863388.901, 103
Trd, 863389.101, 109
Trd, 863389.218, 102
Trd, 863389.318, 101
Trd, 863389.501, 109
Trd, 863389.584, 104
Trd, 863389.818, 96
Trd, 863389.984, 114
Trd, 863390.701, 100
Trd, 863390.734, 103
Trd, 863390.751, 99
Trd, 863391.318, 97
Trd, 863391.334, 95
Trd, 863391.384, 87
Trd, 863391.734, 88
Trd, 863393.084, 90
Trd, 863393.534, 90
Trd, 863393.818, 91
Trd, 863394.334, 106
Trd, 863394.568, 92
Trd, 863395.018, 93
Trd, 863395.268, 118
Trd, 863395.918, 109
Trd, 863396.051, 109
Trd, 863396.201, 101
Trd, 863396.534, 101
Trd, 863396.701, 91
Trd, 863397.101, 90
Trd, 863397.951, 94
Trd, 863398.034, 95
Trd, 863398.201, 94
Trd, 863398.651, 95
Trd, 863399.018, 96
Trd, 863399.168, 106
Trd, 863399.984, 96
Trd, 863400.984, 93
Trd, 863401.468, 94
Trd, 863401.551, 95
Trd, 863401.834, 98
Trd, 863401.901, 97
Trd, 863402.084, 97
Trd, 863402.384, 104
Trd, 863402.484, 97
Trd, 863402.868, 92
Trd, 863402.884, 90
Trd, 863403.101, 117
Trd, 863403.251, 118
Trd, 863403.518, 112
Trd, 863403.568, 90
Trd, 863404.368, 88
Trd, 863404.484, 87
Trd, 863404.701, 99
Trd, 863404.901, 87
Trd, 863405.501, 94
Trd, 863405.601, 95
Trd, 863406.518, 109
Trd, 863407.634, 107
Trd, 863407.918, 107
Trd, 863407.968, 106
Trd, 863408.434, 107
Trd, 863409.084, 107
Trd, 863409.284, 109
Trd, 863409.551, 105
Trd, 863410.168, 111
Trd, 863410.184, 114
Trd, 863410.484, 120
Trd, 863410.618, 104
Trd, 863410.718, 104
Trd, 863411.151, 101
Trd, 863411.484, 83
Trd, 863412.218, 86
Trd, 863412.934, 89
Trd, 863413.018, 91
Trd, 863413.034, 93
Trd, 863413.051, 98
Trd, 863413.818, 98
Trd, 863413.868, 91
Trd, 863414.034, 99
Trd, 863414.084, 93
Trd, 863414.251, 92
Trd, 863414.718, 93
Trd, 863415.268, 93
Trd, 863415.434, 100
Trd, 863416.384, 93
Trd, 863416.468, 93
Trd, 863416.901, 93
Trd, 863417.584, 93
Trd, 863417.634, 87
Trd, 863417.701, 100
Trd, 863417.934, 79
Trd, 863418.301, 116
Trd, 863418.451, 117
Trd, 863418.884, 110
Trd, 863419.551, 117
Trd, 863419.618, 109
Trd, 863419.701, 98
Trd, 863419.734, 95
Trd, 863420.118, 90
Trd, 863420.168, 110
Trd, 863420.768, 110
Trd, 863420.951, 110
Trd, 863421.284, 111
Trd, 863421.718, 112
Trd, 863421.734, 110
Trd, 863421.751, 114
Trd, 863423.134, 115
Trd, 863423.168, 109
Trd, 863423.301, 107
Trd, 863423.318, 106
Trd, 863423.834, 104
Trd, 863424.068, 101
Trd, 863424.951, 98
Trd, 863425.118, 97
Trd, 863425.334, 98
Trd, 863425.401, 107
Trd, 863426.101, 108
Trd, 863426.201, 110
Trd, 863426.251, 114
Trd, 863427.334, 108
Trd, 863427.601, 107
Trd, 863428.268, 105
Trd, 863428.384, 104
Trd, 863428.784, 103
Trd, 863429.468, 102
Trd, 863429.901, 102
Trd, 863430.034, 101
Trd, 863430.334, 96
Trd, 863430.368, 100
Trd, 863430.601, 106
Trd, 863431.034, 95
Trd, 863431.084, 90
Trd, 863431.251, 87
Trd, 863431.701, 103
Trd, 863431.951, 115
Trd, 863432.434, 94
Trd, 863433.151, 95
Trd, 863433.568, 95
Trd, 863433.601, 94
Trd, 863433.884, 109
Trd, 863434.484, 95
Trd, 863434.918, 111
Trd, 863434.968, 113
Trd, 863435.068, 94
Trd, 863435.301, 93
Trd, 863435.618, 96
Trd, 863436.268, 95
Trd, 863436.334, 94
Trd, 863436.651, 93
Trd, 863436.934, 92
Trd, 863437.018, 118
Trd, 863437.584, 91
Trd, 863437.851, 95
Trd, 863438.201, 97
Trd, 863438.551, 100
Trd, 863438.684, 92
Trd, 863439.151, 91
Trd, 863439.801, 112
Trd, 863439.834, 92
Trd, 863439.884, 109
Trd, 863439.901, 90
Trd, 863440.368, 86
Trd, 863440.801, 111
Trd, 863440.934, 116
Trd, 863442.034, 92
Trd, 863442.468, 92
Trd, 863443.034, 92
Trd, 863443.318, 93
Trd, 863443.501, 94
Trd, 863443.718, 98
Trd, 863444.568, 97
Trd, 863444.768, 96
Trd, 863444.784, 95
Trd, 863445.784, 102
Trd, 863445.984, 103
Trd, 863446.368, 101
Trd, 863446.568, 115
Trd, 863447.468, 106
Trd, 863447.868, 114
Trd, 863448.051, 115
Trd, 863448.501, 114
Trd, 863448.884, 111
Trd, 863448.901, 110
Trd, 863449.034, 110
Trd, 863449.218, 106
Trd, 863449.234, 103
Trd, 863449.668, 101
Trd, 863449.851, 93
Trd, 863450.134, 98
Trd, 863450.251, 107
Trd, 863451.118, 111
Trd, 863451.584, 93
Trd, 863452.284, 92
Trd, 863452.684, 113
Trd, 863453.101, 104
Trd, 863453.218, 99
Trd, 863453.251, 105
Trd, 863453.551, 98
Trd, 863453.868, 97
Trd, 863454.018, 97
Trd, 863454.234, 98
Trd, 863454.518, 98
Trd, 863454.634, 98
Trd, 863455.168, 97
Trd, 863455.251, 95
Trd, 863455.868, 95
Trd, 863455.984, 93
Trd, 863456.001, 98
Trd, 863456.251, 100
Trd, 863456.534, 112
Trd, 863456.768, 93
Trd, 863458.001, 109
Trd, 863458.684, 110
Trd, 863458.734, 109
Trd, 863458.984, 106
Trd, 863459.134, 106
Trd, 863459.401, 112
Trd, 863459.584, 116
Trd, 863459.718, 90
Trd, 863459.918, 117
Trd, 863460.251, 83
Trd, 863461.668, 86
Trd, 863461.851, 114
Trd, 863462.568, 116
Trd, 863462.851, 109
Trd, 863463.534, 110
Trd, 863463.934, 110
Trd, 863463.968, 106
Trd, 863464.051, 95
Trd, 863464.351, 91
Trd, 863464.918, 110
Trd, 863465.784, 115
Trd, 863465.818, 116
Trd, 863466.451, 112
Trd, 863466.651, 113
Trd, 863467.051, 112
Trd, 863467.068, 114
Trd, 863467.168, 109
Trd, 863467.318, 106
Trd, 863467.651, 116
Trd, 863467.934, 102
Trd, 863468.334, 102
Trd, 863468.468, 101
Trd, 863468.618, 95
Trd, 863468.701, 114
Trd, 863468.984, 105
Trd, 863469.151, 118
Trd, 863469.201, 103
Trd, 863469.884, 94
Trd, 863470.318, 116
Trd, 863470.334, 94
Trd, 863470.601, 94
Trd, 863471.484, 97
Trd, 863471.601, 96
Trd, 863472.268, 105
Trd, 863472.318, 104
Trd, 863472.351, 116
Trd, 863472.651, 97
Trd, 863473.384, 101
Trd, 863474.318, 111
Trd, 863474.518, 112
Trd, 863474.551, 117
Trd, 863474.601, 118
Trd, 863474.718, 108
Trd, 863474.851, 92
Trd, 863475.068, 94
Trd, 863475.184, 111
Trd, 863476.018, 96
Trd, 863476.251, 96
Trd, 863476.401, 93
Trd, 863476.551, 92
Trd, 863477.068, 99
Trd, 863477.401, 100
Trd, 863477.618, 94
Trd, 863477.901, 93
Trd, 863478.368, 94
Trd, 863479.368, 92
Trd, 863479.684, 92
Trd, 863480.034, 92
Trd, 863480.551, 91
Trd, 863481.034, 90
Trd, 863481.084, 87
Trd, 863481.534, 87
Trd, 863481.768, 90
Trd, 863481.901, 92
Trd, 863482.051, 93
Trd, 863482.068, 95
Trd, 863482.484, 104
Trd, 863483.984, 106
Trd, 863484.134, 107
Trd, 863484.168, 115
Trd, 863484.618, 108
Trd, 863484.701, 117
Trd, 863484.784, 107
Trd, 863485.068, 119
Trd, 863486.101, 103
Trd, 863486.951, 102
Trd, 863486.968, 101
Trd, 863487.201, 95
Trd, 863487.534, 98
Trd, 863487.984, 91
Trd, 863488.368, 94
Trd, 863488.468, 93
Trd, 863488.501, 95
Trd, 863489.734, 112
Trd, 863490.001, 109
Trd, 863490.134, 113
Trd, 863490.218, 108
Trd, 863491.134, 110
Trd, 863491.201, 108
Trd, 863491.401, 101
Trd, 863491.768, 119
Trd, 863492.251, 110
Trd, 863492.318, 109
Trd, 863492.601, 117
Trd, 863493.184, 110
Trd, 863493.384, 116
Trd, 863493.768, 116
Trd, 863493.968, 120
Trd, 863494.068, 109
Trd, 863494.201, 108
Trd, 863494.801, 112
Trd, 863494.918, 119
Trd, 863495.018, 106
Trd, 863495.068, 102
Trd, 863495.334, 101
Trd, 863496.968, 114
Trd, 863497.301, 113
Trd, 863497.351, 108
Trd, 863497.401, 102
Trd, 863498.101, 101
Trd, 863498.868, 95
Trd, 863499.484, 104
Trd, 863499.984, 109
Trd, 863500.151, 109
Trd, 863500.901, 100
Trd, 863501.218, 100
Trd, 863501.301, 105
Trd, 863501.318, 99
Trd, 863501.651, 99
Trd, 863501.668, 95
Trd, 863502.101, 96
Trd, 863502.634, 95
Trd, 863502.718, 91
Trd, 863503.168, 112
Trd, 863503.584, 90
Trd, 863503.651, 87
Trd, 863503.701, 100
Trd, 863503.834, 112
Trd, 863504.268, 98
Trd, 863504.668, 91
Trd, 863504.718, 90
Trd, 863505.118, 98
Trd, 863505.201, 117
Trd, 863505.351, 120
Trd, 863505.434, 120
Trd, 863506.001, 93
Trd, 863506.834, 93
Trd, 863507.068, 92
Trd, 863507.668, 93
Trd, 863508.184, 93
Trd, 863508.934, 93
Trd, 863509.618, 102
Trd, 863509.951, 98
Trd, 863510.018, 116
Trd, 863510.084, 97
Trd, 863510.118, 95
Trd, 863510.284, 120
Trd, 863511.101, 108
Trd, 863511.134, 107
Trd, 863511.268, 106
Trd, 863512.118, 107
Trd, 863512.301, 103
Trd, 863513.734, 102
Trd, 863513.801, 101
Trd, 863514.218, 110
Trd, 863514.251, 105
Trd, 863514.934, 103
Trd, 863514.984, 102
Trd, 863515.134, 101
Trd, 863515.868, 98
Trd, 863515.968, 104
Trd, 863516.601, 105
Trd, 863516.884, 97
Trd, 863516.968, 95
Trd, 863517.034, 113
Trd, 863518.034, 110
Trd, 863518.118, 111
Trd, 863518.268, 102
Trd, 863518.534, 100
Trd, 863519.018, 115
Trd, 863519.518, 102
Trd, 863519.834, 94
Trd, 863520.984, 98
Trd, 863521.568, 97
Trd, 863522.251, 105
Trd, 863523.084, 108
Trd, 863523.118, 115
Trd, 863523.168, 105
Trd, 863523.218, 104
Trd, 863523.618, 105
Trd, 863523.734, 102
Trd, 863523.951, 112
Trd, 863524.434, 102
Trd, 863524.818, 109
Trd, 863525.234, 90
Trd, 863525.568, 108
Trd, 863525.868, 92
Trd, 863525.951, 93
Trd, 863526.151, 93
Trd, 863526.451, 82
Trd, 863526.551, 90
Trd, 863527.051, 105
Trd, 863527.501, 107
Trd, 863527.584, 104
Trd, 863527.901, 101
Trd, 863527.951, 107
Trd, 863528.068, 101
Trd, 863528.118, 108
Trd, 863529.101, 100
Trd, 863529.118, 105
Trd, 863529.284, 99
Trd, 863529.484, 91
Trd, 863529.784, 90
Trd, 863529.884, 87
Trd, 863531.601, 87
Trd, 863531.834, 91
Trd, 863532.901, 92
Trd, 863533.034, 93
Trd, 863533.051, 91
Trd, 863533.118, 98
Trd, 863533.301, 91
Trd, 863533.668, 98
Trd, 863533.934, 95
Trd, 863534.168, 112
Trd, 863534.268, 96
Trd, 863535.701, 113
Trd, 863535.918, 105
Trd, 863536.168, 117
Trd, 863536.284, 106
Trd, 863536.768, 105
Trd, 863536.984, 109
Trd, 863537.034, 116
Trd, 863537.418, 109
Trd, 863537.701, 108
Trd, 863538.051, 102
Trd, 863538.601, 103
Trd, 863539.634, 110
Trd, 863539.951, 102
Trd, 863540.368, 103
Trd, 863540.984, 104
Trd, 863541.151, 111
Trd, 863541.501, 105
Trd, 863541.634, 112
Trd, 863541.934, 104
Trd, 863542.484, 108
Trd, 863543.051, 111
Trd, 863543.318, 110
Trd, 863543.718, 109
Trd, 863543.901, 106
Trd, 863544.118, 102
Trd, 863544.234, 101
Trd, 863544.468, 96
Trd, 863544.718, 97
Trd, 863545.318, 108
Trd, 863545.834, 101
Trd, 863545.951, 107
Trd, 863546.468, 101
Trd, 863546.501, 102
Trd, 863546.634, 104
Trd, 863546.734, 106
Trd, 863546.751, 95
Trd, 863547.701, 94
Trd, 863547.768, 84
Trd, 863547.884, 82
Trd, 863548.018, 99
Trd, 863548.501, 116
Trd, 863549.068, 82
Trd, 863549.318, 80
Trd, 863550.751, 93
Trd, 863550.901, 93
Trd, 863551.901, 95
Trd, 863551.918, 94
Trd, 863551.934, 93
Trd, 863552.084, 92
Trd, 863552.101, 96
Trd, 863553.068, 97
Trd, 863553.184, 97
Trd, 863553.818, 98
Trd, 863553.868, 98
Trd, 863554.234, 115
Trd, 863554.418, 106
Trd, 863554.768, 106
Trd, 863554.968, 106
Trd, 863556.634, 108
Trd, 863556.868, 106
Trd, 863556.934, 104
Trd, 863557.201, 99
Trd, 863557.218, 109
Trd, 863557.368, 95
Trd, 863558.634, 96
Trd, 863558.668, 85
Trd, 863558.951, 96
Trd, 863559.118, 104
Trd, 863559.134, 85
Trd, 863559.218, 109
Trd, 863560.168, 105
Trd, 863560.434, 105
Trd, 863560.801, 105
Trd, 863561.051, 113
Trd, 863561.101, 105
Trd, 863561.418, 104
Trd, 863561.818, 102
Trd, 863561.984, 114
Trd, 863562.718, 116
Trd, 863562.901, 119
Trd, 863562.934, 112
Trd, 863563.751, 104
Trd, 863563.918, 104
Trd, 863564.134, 101
Trd, 863564.318, 109
Trd, 863564.434, 91
Trd, 863564.934, 109
Trd, 863565.418, 94
Trd, 863565.518, 90
Trd, 863565.651, 99
Trd, 863565.951, 85
Trd, 863566.418, 79
Trd, 863566.784, 90
Trd, 863567.151, 89
Trd, 863567.368, 97
Trd, 863567.801, 84
Trd, 863567.901, 96
Trd, 863568.384, 92
Trd, 863568.684, 97
Trd, 863568.734, 111
Trd, 863569.084, 89
Trd, 863569.618, 104
Trd, 863570.568, 104
Trd, 863571.368, 105
Trd, 863571.651, 104
Trd, 863572.134, 113
Trd, 863572.201, 102
Trd, 863572.284, 101
Trd, 863572.384, 110
Trd, 863572.534, 112
Trd, 863572.818, 96
Trd, 863573.234, 95
Trd, 863573.534, 90
Trd, 863573.568, 89
Trd, 863574.318, 112
Trd, 863574.851, 110
Trd, 863575.268, 110
Trd, 863575.668, 102
Trd, 863575.768, 95
Trd, 863576.301, 91
Trd, 863576.384, 103
Trd, 863577.001, 96
Trd, 863577.218, 104
Trd, 863578.051, 95
Trd, 863578.334, 95
Trd, 863578.501, 113
Trd, 863578.918, 115
Trd, 863578.934, 96
Trd, 863579.118, 94
Trd, 863579.151, 98
Trd, 863579.368, 92
Trd, 863579.434, 90
Trd, 863580.184, 91
Trd, 863581.118, 94
Trd, 863582.168, 95
Trd, 863582.201, 95
Trd, 863582.334, 95
Trd, 863582.851, 94
Trd, 863582.934, 119
Trd, 863583.001, 92
Trd, 863583.134, 91
Trd, 863583.168, 113
Trd, 863583.501, 109
Trd, 863583.584, 118
Trd, 863584.484, 108
Trd, 863585.434, 106
Trd, 863585.601, 106
Trd, 863586.518, 106
Trd, 863586.768, 109
Trd, 863587.268, 106
Trd, 863587.368, 111
Trd, 863587.601, 105
Trd, 863588.751, 108
Trd, 863588.884, 109
Trd, 863589.084, 106
Trd, 863589.101, 104
Trd, 863589.134, 101
Trd, 863589.151, 95
Trd, 863589.468, 107
Trd, 863589.568, 90
Trd, 863590.101, 95
Trd, 863590.118, 108
Trd, 863590.301, 104
Trd, 863590.668, 89
Trd, 863590.718, 84
Trd, 863592.134, 94
Trd, 863592.468, 91
Trd, 863592.768, 90
Trd, 863593.001, 102
Trd, 863593.518, 91
Trd, 863593.668, 112
Trd, 863594.301, 92
Trd, 863594.651, 99
Trd, 863595.601, 113
Trd, 863596.934, 99
Trd, 863597.051, 115
Trd, 863597.284, 101
Trd, 863597.301, 100
Trd, 863598.084, 100
Trd, 863598.151, 104
Trd, 863598.384, 112
Trd, 863598.651, 100
Trd, 863598.734, 115
Trd, 863599.084, 100
Trd, 863599.268, 95
Trd, 863600.218, 88
Trd, 863600.318, 89
Trd, 863600.784, 83
Trd, 863601.168, 82
Trd, 863601.951, 86
Trd, 863602.084, 89
Trd, 863602.684, 90
Trd, 863602.734, 90
Trd, 863602.768, 88
Trd, 863602.784, 93
Trd, 863603.518, 90
Trd, 863604.484, 97
Trd, 863604.734, 115
Trd, 863605.051, 114
Trd, 863605.134, 105
Trd, 863605.451, 104
Trd, 863605.734, 97
Trd, 863605.901, 98
Trd, 863606.568, 104
Trd, 863606.701, 114
Trd, 863607.084, 98
Trd, 863607.368, 109
Trd, 863607.484, 99
Trd, 863608.234, 99
Trd, 863608.584, 99
Trd, 863608.668, 98
Trd, 863609.351, 98
Trd, 863609.768, 115
Trd, 863610.168, 119
Trd, 863610.384, 118
Trd, 863610.968, 101
Trd, 863611.168, 99
Trd, 863612.068, 102
Trd, 863612.301, 99
Trd, 863612.718, 98
Trd, 863613.418, 109
Trd, 863613.601, 96
Trd, 863613.734, 95
Trd, 863613.884, 114
Trd, 863613.951, 91
Trd, 863614.034, 90
Trd, 863614.918, 85
Trd, 863615.034, 99
Trd, 863615.268, 86
Trd, 863615.501, 91
Trd, 863615.651, 91
Trd, 863615.868, 100
Trd, 863616.084, 85
Trd, 863616.168, 86
Trd, 863617.051, 111
Trd, 863618.001, 88
Trd, 863618.418, 91
Trd, 863618.451, 98
Trd, 863618.834, 95
Trd, 863619.068, 106
Trd, 863619.718, 113
Trd, 863619.901, 112
Trd, 863620.034, 113
Trd, 863620.418, 116
Trd, 863621.184, 113
Trd, 863621.334, 112
Trd, 863621.401, 110
Trd, 863621.468, 109
Trd, 863621.701, 101
Trd, 863621.718, 95
Trd, 863621.801, 93
Trd, 863622.334, 93
Trd, 863623.218, 108
Trd, 863623.484, 115
Trd, 863623.684, 107
Trd, 863623.934, 107
Trd, 863624.201, 106
Trd, 863624.218, 116
Trd, 863624.418, 112
Trd, 863624.701, 105
Trd, 863624.751, 107
Trd, 863624.868, 104
Trd, 863625.551, 109
Trd, 863625.818, 102
Trd, 863626.784, 101
Trd, 863627.018, 113
Trd, 863627.134, 119
Trd, 863627.168, 123
Trd, 863628.518, 100
Trd, 863628.784, 99
Trd, 863628.801, 98
Trd, 863629.351, 98
Trd, 863629.368, 112
Trd, 863629.818, 99
Trd, 863630.168, 98
Trd, 863630.201, 114
Trd, 863630.268, 96
Trd, 863630.318, 95
Trd, 863632.034, 104
Trd, 863632.084, 90
Trd, 863632.451, 112
Trd, 863633.468, 90
Trd, 863633.551, 89
Trd, 863633.834, 88
Trd, 863634.018, 91
Trd, 863634.434, 95
Trd, 863635.084, 97
Trd, 863635.401, 93
Trd, 863635.868, 98
Trd, 863635.934, 95
Trd, 863635.951, 103
Trd, 863635.968, 112
Trd, 863636.068, 94
Trd, 863636.084, 91
Trd, 863636.751, 105
Trd, 863636.868, 104
Trd, 863637.184, 91
Trd, 863637.951, 91
Trd, 863638.084, 113
Trd, 863638.384, 94
Trd, 863639.034, 114
Trd, 863639.468, 116
Trd, 863639.551, 118
Trd, 863639.618, 121
Trd, 863639.884, 100
Trd, 863640.218, 100
Trd, 863640.318, 101
Trd, 863640.584, 104
Trd, 863640.668, 102
Trd, 863641.551, 108
Trd, 863642.618, 106
Trd, 863643.118, 113
Trd, 863643.184, 113
Trd, 863643.451, 113
Trd, 863643.668, 112
Trd, 863644.134, 111
Trd, 863644.601, 102
Trd, 863644.801, 102
Trd, 863644.818, 101
Trd, 863644.834, 95
Trd, 863645.184, 93
Trd, 863645.534, 99
Trd, 863645.801, 94
Trd, 863646.634, 107
Trd, 863647.034, 96
Trd, 863647.401, 110
Trd, 863647.434, 97
Trd, 863647.518, 95
Trd, 863648.401, 97
Trd, 863648.668, 105
Trd, 863648.684, 104
Trd, 863648.834, 107
Trd, 863648.951, 108
Trd, 863649.184, 113
Trd, 863649.518, 117
Trd, 863649.684, 101
Trd, 863650.251, 100
Trd, 863650.668, 108
Trd, 863650.951, 79
Trd, 863651.818, 79
Trd, 863652.418, 80
Trd, 863653.118, 87
Trd, 863653.368, 99
Trd, 863653.601, 91
Trd, 863653.801, 107
Trd, 863654.351, 116
Trd, 863655.118, 113
Trd, 863655.201, 106
Trd, 863655.918, 107
Trd, 863656.351, 114
Trd, 863656.451, 106
Trd, 863656.801, 111
Trd, 863656.868, 109
Trd, 863657.118, 108
Trd, 863657.501, 103
Trd, 863657.934, 98
Trd, 863657.984, 98
Trd, 863658.434, 110
Trd, 863658.651, 111
Trd, 863658.834, 100
Trd, 863659.268, 112
Trd, 863659.484, 99
Trd, 863659.801, 97
Trd, 863659.968, 114
Trd, 863660.151, 96
Trd, 863660.184, 95
Trd, 863660.334, 87
Trd, 863660.734, 83
Trd, 863661.151, 80
Trd, 863661.668, 80
Trd, 863661.834, 95
Trd, 863662.651, 98
Trd, 863662.851, 99
Trd, 863663.684, 95
Trd, 863663.984, 99
Trd, 863664.168, 97
Trd, 863664.518, 98
Trd, 863664.734, 99
Trd, 863665.518, 100
Trd, 863666.034, 99
Trd, 863666.768, 101
Trd, 863667.151, 103
Trd, 863667.168, 102
Trd, 863667.184, 100
Trd, 863667.801, 99
Trd, 863667.884, 100
Trd, 863668.151, 108
Trd, 863668.268, 95
Trd, 863668.618, 96
Trd, 863668.934, 115
Trd, 863669.334, 108
Trd, 863669.368, 97
Trd, 863669.651, 115
Trd, 863669.701, 118
Trd, 863669.851, 98
Trd, 863669.884, 98
Trd, 863670.284, 109
Trd, 863670.651, 111
Trd, 863670.851, 120
Trd, 863671.518, 112
Trd, 863672.668, 109
Trd, 863673.134, 109
Trd, 863673.201, 101
Trd, 863673.434, 111
Trd, 863673.701, 95
Trd, 863674.068, 91
Trd, 863674.201, 90
Trd, 863675.651, 91
Trd, 863676.351, 91
Trd, 863676.384, 93
Trd, 863676.534, 93
Trd, 863676.934, 93
Trd, 863677.184, 91
Trd, 863677.518, 92
Trd, 863677.534, 91
Trd, 863677.551, 96
Trd, 863677.768, 90
Trd, 863678.234, 87
Trd, 863678.868, 86
Trd, 863679.151, 87
Trd, 863679.718, 91
Trd, 863679.768, 92
Trd, 863680.001, 85
Trd, 863680.468, 84
Trd, 863680.918, 87
Trd, 863680.984, 112
Trd, 863681.401, 104
Trd, 863681.768, 94
Trd, 863682.168, 93
Trd, 863682.284, 91
Trd, 863682.851, 94
Trd, 863683.201, 99
Trd, 863683.234, 97
Trd, 863684.034, 115
Trd, 863684.184, 118
Trd, 863684.518, 118
Trd, 863684.751, 97
Trd, 863684.784, 120
Trd, 863685.518, 101
Trd, 863686.151, 114
Trd, 863686.168, 104
Trd, 863686.434, 119
Trd, 863686.934, 106
Trd, 863687.018, 105
Trd, 863687.151, 101
Trd, 863687.168, 115
Trd, 863687.951, 110
Trd, 863688.434, 111
Trd, 863688.551, 109
Trd, 863689.568, 105
Trd, 863689.751, 104
Trd, 863689.818, 95
Trd, 863690.468, 90
Trd, 863690.901, 108
Trd, 863691.084, 96
Trd, 863691.151, 90
Trd, 863691.551, 101
Trd, 863691.734, 89
Trd, 863691.868, 86
Trd, 863692.384, 104
Trd, 863692.734, 101
Trd, 863693.284, 102
Trd, 863693.868, 110
Trd, 863694.218, 104
Trd, 863694.801, 106
Trd, 863695.034, 104
Trd, 863695.534, 102
Trd, 863696.918, 107
Trd, 863696.951, 106
Trd, 863697.251, 115
Trd, 863697.301, 106
Trd, 863697.368, 114
Trd, 863697.518, 109
Trd, 863697.601, 120
Trd, 863697.651, 105
Trd, 863698.084, 104
Trd, 863698.384, 95
Trd, 863698.601, 91
Trd, 863698.734, 122
Trd, 863699.668, 99
Trd, 863700.001, 101
Trd, 863700.068, 100
Trd, 863700.201, 99
Trd, 863700.318, 95
Trd, 863700.384, 102
Trd, 863700.751, 103
Trd, 863700.801, 90
Trd, 863701.368, 99
Trd, 863702.218, 114
Trd, 863702.468, 90
Trd, 863702.518, 89
Trd, 863702.634, 88
Trd, 863702.951, 109
Trd, 863703.218, 114
Trd, 863703.968, 105
Trd, 863704.068, 105
Trd, 863704.584, 115
Trd, 863704.818, 104
Trd, 863705.718, 111
Trd, 863706.251, 104
Trd, 863706.818, 104
Trd, 863706.868, 104
Trd, 863706.934, 101
Trd, 863707.184, 107
Trd, 863707.201, 87
Trd, 863707.851, 81
Trd, 863707.934, 107
Trd, 863708.684, 83
Trd, 863708.751, 82
Trd, 863708.868, 81
Trd, 863709.034, 82
Trd, 863709.084, 101
Trd, 863709.884, 95
Trd, 863709.901, 96
Trd, 863710.251, 84
Trd, 863710.901, 91
Trd, 863711.151, 98
Trd, 863712.001, 95
Trd, 863712.368, 95
Trd, 863712.601, 94
Trd, 863712.718, 93
Trd, 863714.101, 91
Trd, 863714.184, 92
Trd, 863714.234, 95
Trd, 863714.851, 107
Trd, 863714.968, 103
Trd, 863715.084, 115
Trd, 863715.218, 99
Trd, 863715.401, 115
Trd, 863715.551, 120
Trd, 863715.834, 103
Trd, 863717.718, 106
Trd, 863718.501, 104
Trd, 863718.734, 105
Trd, 863719.101, 106
Trd, 863719.151, 105
Trd, 863719.301, 104
Trd, 863719.401, 115
Trd, 863719.818, 105
Trd, 863719.918, 118
Trd, 863719.951, 102
Trd, 863720.084, 95
Trd, 863720.201, 95
Trd, 863720.234, 87
Trd, 863720.684, 87
Trd, 863721.351, 99
Trd, 863721.401, 100
Trd, 863721.568, 87
Trd, 863721.751, 87
Trd, 863722.151, 115
Trd, 863722.868, 109
Trd, 863722.918, 103
Trd, 863723.218, 91
Trd, 863724.634, 96
Trd, 863725.034, 100
Trd, 863725.184, 99
Trd, 863725.268, 101
Trd, 863725.318, 95
Trd, 863725.701, 95
Trd, 863726.351, 104
Trd, 863726.434, 112
Trd, 863726.918, 100
Trd, 863727.784, 110
Trd, 863728.551, 112
Trd, 863728.568, 111
Trd, 863729.251, 110
Trd, 863729.434, 106
Trd, 863729.468, 104
Trd, 863729.534, 113
Trd, 863729.818, 101
Trd, 863729.984, 98
Trd, 863730.218, 90
Trd, 863730.284, 87
Trd, 863731.451, 91
Trd, 863731.934, 89
Trd, 863732.001, 90
Trd, 863732.551, 92
Trd, 863732.618, 93
Trd, 863733.018, 99
Trd, 863733.101, 117
Trd, 863733.484, 104
Trd, 863733.884, 95
Trd, 863734.784, 95
Trd, 863735.001, 101
Trd, 863735.351, 95
Trd, 863735.468, 94
Trd, 863735.968, 96
Trd, 863736.251, 95
Trd, 863736.268, 101
Trd, 863736.301, 117
Trd, 863736.668, 91
Trd, 863737.101, 91
Trd, 863737.751, 98
Trd, 863738.134, 99
Trd, 863738.518, 97
Trd, 863738.568, 96
Trd, 863738.834, 94
Trd, 863739.618, 101
Trd, 863739.918, 109
Trd, 863739.934, 93
Trd, 863740.218, 103
Trd, 863740.568, 92
Trd, 863740.701, 91
Trd, 863741.268, 99
Trd, 863742.068, 114
Trd, 863742.851, 91
Trd, 863742.868, 114
Trd, 863743.284, 111
Trd, 863743.651, 110
Trd, 863743.834, 108
Trd, 863743.851, 95
Trd, 863744.218, 110
Trd, 863744.351, 111
Trd, 863744.984, 99
Trd, 863745.034, 98
Trd, 863745.318, 97
Trd, 863746.334, 112
Trd, 863746.418, 111
Trd, 863746.718, 111
Trd, 863746.834, 117
Trd, 863747.451, 109
Trd, 863747.934, 105
Trd, 863748.001, 104
Trd, 863748.601, 108
Trd, 863748.968, 109
Trd, 863749.184, 97
Trd, 863749.568, 100
Trd, 863749.784, 97
Trd, 863750.268, 114
Trd, 863750.618, 99
Trd, 863750.668, 115
Trd, 863750.734, 98
Trd, 863750.818, 99
Trd, 863750.901, 97
Trd, 863751.434, 95
Trd, 863751.818, 90
Trd, 863751.834, 98
Trd, 863752.001, 119
Trd, 863752.301, 95
Trd, 863752.934, 87
Trd, 863753.334, 109
Trd, 863753.784, 83
Trd, 863753.851, 82
Trd, 863754.034, 80
Trd, 863755.368, 109
Trd, 863755.668, 109
Trd, 863755.768, 106
Trd, 863756.151, 106
Trd, 863756.251, 105
Trd, 863756.301, 103
Trd, 863756.768, 96
Trd, 863757.284, 111
Trd, 863757.418, 96
Trd, 863757.868, 95
Trd, 863758.268, 90
Trd, 863759.001, 110
Trd, 863759.051, 104
Trd, 863759.684, 95
Trd, 863760.884, 111
Trd, 863760.934, 113
Trd, 863761.784, 110
Trd, 863761.901, 95
Trd, 863762.151, 94
Trd, 863762.201, 111
Trd, 863762.651, 92
Trd, 863762.984, 91
Trd, 863763.051, 108
Trd, 863763.151, 112
Trd, 863763.784, 104
Trd, 863764.384, 96
Trd, 863764.534, 112
Trd, 863764.901, 95
Trd, 863765.001, 113
Trd, 863765.168, 112
Trd, 863765.751, 97
Trd, 863765.901, 97
Trd, 863766.368, 92
Trd, 863766.718, 93
Trd, 863766.734, 92
Trd, 863767.301, 91
Trd, 863768.934, 93
Trd, 863769.018, 93
Trd, 863769.101, 96
Trd, 863769.351, 91
Trd, 863769.768, 96
Trd, 863769.968, 95
Trd, 863770.118, 95
Trd, 863770.268, 90
Trd, 863770.318, 91
Trd, 863770.334, 97
Trd, 863770.868, 101
Trd, 863772.034, 112
Trd, 863772.718, 110
Trd, 863772.901, 99
Trd, 863773.001, 101
Trd, 863773.034, 96
Trd, 863774.484, 105
Trd, 863774.701, 104
Trd, 863774.818, 103
Trd, 863775.151, 117
Trd, 863775.334, 105
Trd, 863775.468, 104
Trd, 863775.618, 98
Trd, 863776.401, 97
Trd, 863776.568, 99
Trd, 863776.601, 91
Trd, 863777.151, 98
Trd, 863777.184, 98
Trd, 863777.851, 98
Trd, 863777.918, 95
Trd, 863778.001, 98
Trd, 863778.218, 116
Trd, 863778.334, 95
Trd, 863778.434, 79
Trd, 863779.384, 87
Trd, 863779.434, 84
Trd, 863779.651, 84
Trd, 863780.551, 91
Trd, 863780.601, 115
Trd, 863780.701, 115
Trd, 863780.918, 116
Trd, 863780.951, 126
Trd, 863781.034, 89
Trd, 863781.218, 89
Trd, 863782.101, 122
Trd, 863782.434, 101
Trd, 863783.018, 99
Trd, 863783.384, 100
Trd, 863783.551, 99
Trd, 863783.801, 98
Trd, 863783.934, 95
Trd, 863784.418, 90
Trd, 863785.384, 96
Trd, 863785.701, 98
Trd, 863785.951, 90
Trd, 863786.201, 112
Trd, 863786.351, 90
Trd, 863787.484, 104
Trd, 863787.518, 103
Trd, 863787.584, 101
Trd, 863787.934, 104
Trd, 863788.301, 89
Trd, 863788.418, 117
Trd, 863789.001, 112
Trd, 863789.668, 117
Trd, 863789.684, 116
Trd, 863789.718, 116
Trd, 863790.984, 118
Trd, 863791.201, 115
Trd, 863791.384, 112
Trd, 863791.418, 109
Trd, 863792.451, 106
Trd, 863792.468, 104
Trd, 863792.918, 97
Trd, 863792.968, 110
Trd, 863793.268, 96
Trd, 863794.034, 112
Trd, 863794.151, 100
Trd, 863794.184, 109
Trd, 863794.301, 119
Trd, 863794.584, 120
Trd, 863795.001, 104
Trd, 863795.351, 104
Trd, 863795.818, 115
Trd, 863796.051, 106
Trd, 863796.151, 108
Trd, 863797.151, 106
Trd, 863797.218, 105
Trd, 863797.684, 105
Trd, 863797.768, 103
Trd, 863797.851, 103
Trd, 863798.368, 107
Trd, 863798.468, 95
Trd, 863798.851, 91
Trd, 863799.334, 93
Trd, 863799.834, 94
Trd, 863800.218, 115
Trd, 863800.818, 100
Trd, 863801.184, 107
Trd, 863801.251, 114
Trd, 863801.518, 106
Trd, 863801.634, 105
Trd, 863801.668, 104
Trd, 863801.684, 99
Trd, 863802.451, 89
Trd, 863802.501, 111
Trd, 863803.351, 93
Trd, 863803.484, 94
Trd, 863803.868, 114
Trd, 863804.034, 93
Trd, 863804.401, 109
Trd, 863804.784, 112
Trd, 863805.168, 94
Trd, 863805.318, 90
Trd, 863805.351, 88
Trd, 863805.634, 110
Trd, 863806.251, 117
Trd, 863806.434, 91
Trd, 863806.901, 93
Trd, 863807.084, 94
Trd, 863807.551, 96
Trd, 863808.134, 100
Trd, 863808.484, 108
Trd, 863808.651, 101
Trd, 863809.401, 110
Trd, 863809.518, 109
Trd, 863809.718, 116
Trd, 863809.751, 102
Trd, 863809.801, 101
Trd, 863810.684, 117
Trd, 863810.818, 118
Trd, 863810.901, 93
Trd, 863811.018, 92
Trd, 863811.234, 91
Trd, 863811.401, 93
Trd, 863811.784, 93
Trd, 863812.684, 98
Trd, 863813.018, 100
Trd, 863813.118, 120
Trd, 863813.518, 101
Trd, 863813.784, 107
Trd, 863814.434, 106
Trd, 863814.451, 105
Trd, 863814.768, 104
Trd, 863815.734, 117
Trd, 863817.034, 106
Trd, 863817.051, 102
Trd, 863817.101, 112
Trd, 863817.201, 101
Trd, 863817.301, 95
Trd, 863817.784, 85
Trd, 863817.851, 84
Trd, 863818.151, 89
Trd, 863818.301, 114
Trd, 863819.234, 108
Trd, 863819.484, 105
Trd, 863819.501, 106
Trd, 863819.984, 115
Trd, 863820.168, 108
Trd, 863820.784, 110
Trd, 863820.851, 110
Trd, 863821.018, 109
Trd, 863821.884, 105
Trd, 863822.134, 108
Trd, 863822.218, 106
Trd, 863822.868, 104
Trd, 863822.934, 108
Trd, 863824.384, 99
Trd, 863824.568, 100
Trd, 863824.668, 99
Trd, 863824.701, 98
Trd, 863824.851, 115
Trd, 863825.351, 90
Trd, 863825.401, 116
Trd, 863825.501, 90
Trd, 863825.684, 105
Trd, 863826.284, 105
Trd, 863826.434, 109
Trd, 863826.834, 104
Trd, 863827.018, 95
Trd, 863827.684, 112
Trd, 863828.634, 84
Trd, 863828.751, 84
Trd, 863829.151, 83
Trd, 863829.284, 91
Trd, 863829.518, 92
Trd, 863829.634, 85
Trd, 863830.384, 86
Trd, 863831.234, 93
Trd, 863831.268, 92
Trd, 863831.484, 99
Trd, 863831.518, 111
Trd, 863831.584, 112
Trd, 863832.551, 94
Trd, 863832.651, 94
Trd, 863833.184, 101
Trd, 863834.068, 103
Trd, 863834.118, 111
Trd, 863834.368, 102
Trd, 863834.501, 101
Trd, 863834.534, 101
Trd, 863834.634, 98
Trd, 863834.668, 87
Trd, 863835.968, 110
Trd, 863836.034, 109
Trd, 863836.918, 109
Trd, 863838.018, 110
Trd, 863838.134, 109
Trd, 863838.318, 111
Trd, 863838.351, 106
Trd, 863838.434, 112
Trd, 863839.451, 109
Trd, 863839.651, 109
Trd, 863840.668, 113
Trd, 863840.751, 112
Trd, 863840.918, 104
Trd, 863840.984, 106
Trd, 863841.151, 117
Trd, 863841.268, 102
Trd, 863841.651, 120
Trd, 863842.301, 122
Trd, 863842.784, 120
Trd, 863843.451, 115
Trd, 863843.868, 113
Trd, 863843.918, 112
Trd, 863844.551, 106
Trd, 863844.568, 101
Trd, 863844.618, 111
Trd, 863844.768, 112
Trd, 863845.068, 103
Trd, 863845.668, 105
Trd, 863845.701, 95
Trd, 863845.784, 107
Trd, 863846.084, 92
Trd, 863846.951, 94
Trd, 863847.451, 96
Trd, 863847.501, 95
Trd, 863847.951, 88
Trd, 863848.051, 97
Trd, 863848.084, 98
Trd, 863848.801, 101
Trd, 863849.034, 86
Trd, 863849.251, 92
Trd, 863849.801, 104
Trd, 863849.818, 108
Trd, 863850.568, 92
Trd, 863851.701, 91
Trd, 863851.951, 93
Trd, 863852.184, 90
Trd, 863852.668, 101
Trd, 863853.284, 94
Trd, 863853.318, 93
Trd, 863853.468, 108
Trd, 863853.551, 92
Trd, 863853.568, 91
Trd, 863854.301, 96
Trd, 863854.484, 91
Trd, 863854.601, 101
Trd, 863854.668, 110
Trd, 863854.701, 90
Trd, 863855.218, 105
Trd, 863855.851, 106
Trd, 863856.251, 111
Trd, 863856.951, 117
Trd, 863857.301, 108
Trd, 863857.434, 118
Trd, 863857.651, 112
Trd, 863857.951, 107
Trd, 863858.168, 107
Trd, 863858.484, 106
Trd, 863858.851, 114
Trd, 863859.034, 104
Trd, 863859.584, 96
Trd, 863859.801, 95
Trd, 863859.951, 90
Trd, 863860.551, 98
Trd, 863861.068, 98
Trd, 863861.184, 93
Trd, 863861.618, 96
Trd, 863861.684, 95
Trd, 863861.718, 94
Trd, 863862.384, 94
Trd, 863862.518, 93
Trd, 863862.751, 104
Trd, 863863.184, 88
Trd, 863864.318, 86
Trd, 863864.568, 88
Trd, 863865.134, 95
Trd, 863865.468, 110
Trd, 863865.634, 118
Trd, 863865.951, 117
Trd, 863865.968, 93
Trd, 863866.134, 91
Trd, 863866.484, 93
Trd, 863866.518, 90
Trd, 863866.851, 100
Trd, 863867.234, 108
Trd, 863867.451, 122
Trd, 863867.618, 109
Trd, 863868.768, 95
Trd, 863868.818, 93
Trd, 863869.768, 100
Trd, 863869.884, 94
Trd, 863870.151, 96
Trd, 863870.301, 97
Trd, 863870.618, 95
Trd, 863871.901, 98
Trd, 863872.068, 102
Trd, 863872.084, 104
Trd, 863872.501, 97
Trd, 863873.584, 95
Trd, 863873.818, 95
Trd, 863873.951, 109
Trd, 863874.451, 96
Trd, 863874.668, 95
Trd, 863874.684, 94
Trd, 863874.934, 115
Trd, 863875.218, 93
Trd, 863875.284, 93
Trd, 863875.501, 92
Trd, 863876.134, 111
Trd, 863876.401, 105
Trd, 863876.601, 104
Trd, 863876.868, 106
Trd, 863877.118, 109
Trd, 863877.184, 106
Trd, 863878.251, 110
Trd, 863879.301, 110
Trd, 863879.618, 110
Trd, 863880.368, 111
Trd, 863880.401, 113
Trd, 863880.601, 107
Trd, 863880.801, 114
Trd, 863881.168, 92
Trd, 863881.318, 103
Trd, 863881.651, 93
Trd, 863882.218, 94
Trd, 863883.251, 95
Trd, 863883.518, 104
Trd, 863883.868, 117
Trd, 863884.234, 95
Trd, 863884.268, 94
Trd, 863884.368, 90
Trd, 863884.934, 97
Trd, 863885.118, 97
Trd, 863885.134, 104
Trd, 863885.384, 106
Trd, 863885.401, 98
Trd, 863885.451, 96
Trd, 863885.851, 110
Trd, 863886.451, 103
Trd, 863886.468, 114
Trd, 863886.718, 103
Trd, 863886.818, 90
Trd, 863886.968, 108
Trd, 863887.551, 111
Trd, 863887.918, 95
Trd, 863888.818, 89
Trd, 863889.051, 99
Trd, 863889.218, 92
Trd, 863889.734, 94
Trd, 863890.034, 97
Trd, 863890.068, 96
Trd, 863890.718, 95
Trd, 863890.784, 98
Trd, 863890.918, 117
Trd, 863891.518, 96
Trd, 863892.134, 100
Trd, 863892.284, 96
Trd, 863892.801, 95
Trd, 863893.001, 95
Trd, 863893.034, 94
Trd, 863893.101, 110
Trd, 863893.218, 90
Trd, 863893.534, 109
Trd, 863894.351, 109
Trd, 863894.951, 105
Trd, 863894.968, 103
Trd, 863895.134, 101
Trd, 863895.534, 97
Trd, 863895.601, 96
Trd, 863896.134, 98
Trd, 863896.718, 108
Trd, 863897.634, 103
Trd, 863897.718, 110
Trd, 863897.818, 120
Trd, 863897.851, 102
Trd, 863898.251, 99
Trd, 863898.334, 98
Trd, 863898.584, 111
Trd, 863899.251, 114
Trd, 863899.284, 95
Trd, 863899.751, 82
Trd, 863900.384, 99
Trd, 863901.434, 101
Trd, 863901.451, 84
Trd, 863901.718, 117
Trd, 863902.251, 95
Trd, 863902.618, 92
Trd, 863902.951, 89
Trd, 863903.051, 94
Trd, 863903.434, 91
Trd, 863903.501, 91
Trd, 863904.118, 92
Trd, 863904.601, 95
Trd, 863904.718, 98
Trd, 863904.734, 94
Trd, 863905.184, 90
Trd, 863905.284, 91
Trd, 863905.501, 93
Trd, 863905.784, 114
Trd, 863905.984, 85
Trd, 863906.168, 84
Trd, 863906.268, 83
Trd, 863906.784, 118
Trd, 863907.034, 116
Trd, 863907.084, 104
Trd, 863907.434, 87
Trd, 863907.968, 97
Trd, 863908.968, 89
Trd, 863909.251, 98
Trd, 863909.668, 92
Trd, 863910.168, 95
Trd, 863910.318, 94
Trd, 863910.601, 97
Trd, 863910.918, 93
Trd, 863911.268, 110
Trd, 863911.834, 97
Trd, 863912.018, 118
Trd, 863912.234, 97
Trd, 863912.451, 97
Trd, 863913.384, 100
Trd, 863913.434, 97
Trd, 863913.751, 95
Trd, 863914.034, 90
Trd, 863914.068, 87
Trd, 863914.201, 98
Trd, 863915.234, 82
Trd, 863916.484, 86
Trd, 863916.584, 83
Trd, 863917.034, 87
Trd, 863917.534, 88
Trd, 863918.318, 91
Trd, 863918.584, 99
Trd, 863918.634, 92
Trd, 863918.901, 91
Trd, 863919.151, 91
Trd, 863919.484, 91
Trd, 863919.534, 99
Trd, 863919.568, 92
Trd, 863920.201, 100
Trd, 863920.934, 119
Trd, 863921.301, 97
Trd, 863921.618, 98
Trd, 863921.834, 107
Trd, 863921.901, 97
Trd, 863922.251, 112
Trd, 863922.868, 96
Trd, 863923.251, 120
Trd, 863923.384, 95
Trd, 863924.334, 93
Trd, 863924.668, 118
Trd, 863924.918, 99
Trd, 863925.301, 119
Trd, 863926.184, 113
Trd, 863926.251, 108
Trd, 863926.401, 106
Trd, 863927.168, 112
Trd, 863927.668, 113
Trd, 863927.801, 112
Trd, 863927.868, 108
Trd, 863928.718, 108
Trd, 863929.284, 97
Trd, 863929.734, 105
Trd, 863930.184, 99
Trd, 863930.534, 107
Trd, 863931.034, 104
Trd, 863931.368, 103
Trd, 863931.401, 101
Trd, 863931.501, 97
Trd, 863931.984, 97
Trd, 863932.001, 98
Trd, 863932.201, 95
Trd, 863932.234, 114
Trd, 863933.201, 94
Trd, 863934.284, 104
Trd, 863934.468, 104
Trd, 863934.501, 107
Trd, 863934.518, 103
Trd, 863935.534, 104
Trd, 863935.618, 107
Trd, 863935.668, 102
Trd, 863935.701, 108
Trd, 863935.951, 103
Trd, 863936.301, 102
Trd, 863936.418, 101
Trd, 863936.551, 118
Trd, 863936.918, 91
Trd, 863937.451, 94
Trd, 863937.501, 99
Trd, 863938.401, 107
Trd, 863939.034, 115
Trd, 863939.051, 110
Trd, 863939.168, 109
Trd, 863939.268, 108
Trd, 863939.568, 117
Trd, 863939.784, 107
Trd, 863940.201, 106
Trd, 863940.301, 103
Trd, 863940.318, 90
Trd, 863941.001, 89
Trd, 863941.018, 110
Trd, 863941.918, 117
Trd, 863943.168, 109
Trd, 863943.384, 104
Trd, 863943.618, 114
Trd, 863943.634, 101
Trd, 863943.768, 115
Trd, 863944.351, 98
Trd, 863944.901, 101
Trd, 863945.134, 100
Trd, 863945.251, 99
Trd, 863945.318, 98
Trd, 863945.534, 95
Trd, 863946.134, 117
Trd, 863946.318, 93
Trd, 863946.468, 98
Trd, 863947.151, 93
Trd, 863947.568, 114
Trd, 863947.634, 104
Trd, 863948.001, 105
Trd, 863948.551, 108
Trd, 863948.568, 104
Trd, 863949.318, 96
Trd, 863949.751, 98
Trd, 863950.151, 97
Trd, 863950.284, 96
Trd, 863950.418, 89
Trd, 863950.551, 96
Trd, 863950.734, 104
Trd, 863950.868, 90
Trd, 863952.334, 105
Trd, 863952.684, 106
Trd, 863953.484, 113
Trd, 863953.984, 115
Trd, 863954.268, 113
Trd, 863954.401, 112
Trd, 863954.418, 110
Trd, 863954.451, 104
Trd, 863954.684, 117
Trd, 863954.734, 101
Trd, 863955.568, 97
Trd, 863955.618, 113
Trd, 863956.051, 109
Trd, 863956.468, 103
Trd, 863957.034, 86
Trd, 863957.084, 115
Trd, 863957.134, 84
Trd, 863958.068, 90
Trd, 863958.784, 110
Trd, 863958.884, 93
Trd, 863959.634, 113
Trd, 863959.851, 93
Trd, 863960.151, 93
Trd, 863960.384, 109
Trd, 863961.084, 106
Trd, 863961.118, 98
Trd, 863961.168, 97
Trd, 863961.251, 89
Trd, 863962.601, 96
Trd, 863962.734, 94
Trd, 863963.151, 93
Trd, 863963.551, 106
Trd, 863963.734, 95
Trd, 863963.901, 106
Trd, 863964.118, 99
Trd, 863964.451, 109
Trd, 863964.684, 97
Trd, 863965.151, 107
Trd, 863965.701, 106
Trd, 863966.434, 94
Trd, 863966.634, 93
Trd, 863966.901, 87
Trd, 863967.051, 94
Trd, 863967.068, 95
Trd, 863967.234, 111
Trd, 863967.318, 83
Trd, 863968.218, 98
Trd, 863969.034, 101
Trd, 863969.184, 101
Trd, 863969.218, 97
Trd, 863969.251, 112
Trd, 863970.134, 96
Trd, 863970.434, 102
Trd, 863970.468, 105
Trd, 863970.751, 116
Trd, 863971.468, 110
Trd, 863971.818, 114
Trd, 863972.051, 106
Trd, 863972.334, 105
Trd, 863972.351, 106
Trd, 863972.568, 104
Trd, 863972.751, 96
Trd, 863972.918, 95
Trd, 863973.318, 94
Trd, 863973.884, 95
Trd, 863974.284, 89
Trd, 863974.334, 102
Trd, 863974.401, 109
Trd, 863974.934, 90
Trd, 863975.168, 92
Trd, 863975.434, 92
Trd, 863977.251, 90
Trd, 863977.768, 84
Trd, 863978.651, 89
Trd, 863978.801, 93
Trd, 863979.334, 93
Trd, 863979.568, 89
Trd, 863979.651, 89
Trd, 863980.184, 97
Trd, 863980.284, 98
Trd, 863980.418, 92
Trd, 863980.734, 92
Trd, 863981.418, 101
Trd, 863981.868, 103
Trd, 863982.251, 98
Trd, 863982.584, 98
Trd, 863983.784, 111
Trd, 863984.068, 110
Trd, 863984.084, 109
Trd, 863984.201, 111
Trd, 863984.801, 111
Trd, 863984.884, 110
Trd, 863985.034, 110
Trd, 863985.134, 112
Trd, 863985.401, 104
Trd, 863985.884, 113
Trd, 863985.934, 115
Trd, 863986.051, 97
Trd, 863986.251, 97
Trd, 863986.634, 90
Trd, 863986.701, 98
Trd, 863987.518, 94
Trd, 863987.968, 98
Trd, 863988.734, 116
Trd, 863988.901, 103
Trd, 863989.484, 123
Trd, 863989.901, 106
Trd, 863989.984, 105
Trd, 863990.101, 109
Trd, 863990.184, 105
Trd, 863991.051, 105
Trd, 863991.318, 104
Trd, 863991.451, 101
Trd, 863992.034, 98
Trd, 863992.318, 108
Trd, 863992.501, 97
Trd, 863992.518, 90
Trd, 863992.851, 88
Trd, 863992.984, 111
Trd, 863993.218, 87
Trd, 863993.284, 86
Trd, 863993.534, 101
Trd, 863994.701, 85
Trd, 863994.784, 84
Trd, 863995.168, 93
Trd, 863996.184, 111
Trd, 863996.418, 104
Trd, 863996.434, 114
Trd, 863996.634, 108
Trd, 863997.234, 99
Trd, 863997.334, 98
Trd, 863998.434, 97
Trd, 863998.868, 93
Trd, 863998.884, 112
Trd, 863999.184, 115
Trd, 863999.368, 94
Trd, 863999.551, 94
Trd, 863999.584, 93
