Trd, 863325.201, 105
Trd, 863325.401, 104
Trd, 863325.768, 103
Trd, 863326.001, 98
Trd, 863326.401, 106
Trd, 863326.584, 96
Trd, 863327.334, 94
Trd, 863327.618, 93
Trd, 863329.068, 99
Trd, 863329.218, 95
Trd, 863329.301, 93
Trd, 863329.584, 93
Trd, 863330.184, 93
Trd, 863330.284, 99
Trd, 863330.401, 101
Trd, 863331.201, 97
Trd, 863331.501, 98
Trd, 863331.551, 97
Trd, 863331.918, 96
Trd, 863332.451, 96
Trd, 863333.134, 98
Trd, 863333.184, 96
Trd, 863333.268, 104
Trd, 863333.334, 95
Trd, 863334.184, 93
Trd, 863334.384, 107
Trd, 863334.551, 94
Trd, 863334.668, 92
Trd, 863335.018, 92
Trd, 863335.184, 89
Trd, 863336.468, 90
Trd, 863336.551, 91
Trd, 863336.901, 89
Trd, 863337.618, 93
Trd, 863337.801, 92
Trd, 863338.034, 91
Trd, 863338.051, 93
Trd, 863338.151, 89
Trd, 863339.168, 90
Trd, 863339.751, 91
Trd, 863339.951, 90
Trd, 863340.184, 91
Trd, 863340.501, 92
Trd, 863340.634, 91
Trd, 863341.568, 93
Trd, 863342.251, 95
Trd, 863342.501, 96
Trd, 863342.551, 98
Trd, 863342.768, 113
Trd, 863343.051, 95
Trd, 863343.184, 95
Trd, 863344.284, 98
Trd, 863344.318, 109
Trd, 863344.668, 106
Trd, 863345.284, 101
Trd, 863346.301, 93
Trd, 863346.468, 94
Trd, 863346.701, 95
Trd, 863346.718, 95
Trd, 863347.134, 98
Trd, 863347.534, 96
Trd, 863348.218, 101
Trd, 863348.368, 98
Trd, 863348.951, 102
Trd, 863349.101, 98
Trd, 863349.134, 96
Trd, 863349.318, 101
Trd, 863349.351, 95
Trd, 863349.434, 93
Trd, 863349.501, 90
Trd, 863350.801, 102
Trd, 863350.968, 102
Trd, 863351.018, 102
Trd, 863351.418, 93
Trd, 863351.868, 92
Trd, 863352.418, 93
Trd, 863352.501, 92
Trd, 863352.518, 89
Trd, 863352.951, 93
Trd, 863353.351, 101
Trd, 863353.868, 87
Trd, 863353.934, 102
Trd, 863354.051, 87
Trd, 863354.451, 105
Trd, 863354.801, 87
Trd, 863355.984, 89
Trd, 863356.218, 95
Trd, 863356.384, 88
Trd, 863356.534, 86
Trd, 863356.834, 85
Trd, 863357.051, 84
Trd, 863357.101, 93
Trd, 863357.668, 94
Trd, 863357.801, 86
Trd, 863358.384, 92
Trd, 863358.818, 93
Trd, 863359.251, 94
Trd, 863359.501, 98
Trd, 863359.684, 92
Trd, 863359.701, 91
Trd, 863359.751, 101
Trd, 863360.201, 92
Trd, 863360.784, 94
Trd, 863361.318, 100
Trd, 863361.501, 101
Trd, 863361.668, 100
Trd, 863361.801, 94
Trd, 863363.251, 101
Trd, 863363.318, 102
Trd, 863363.584, 101
Trd, 863363.751, 100
Trd, 863364.551, 101
Trd, 863365.034, 101
Trd, 863365.101, 106
Trd, 863365.168, 98
Trd, 863365.651, 94
Trd, 863365.818, 111
Trd, 863366.151, 96
Trd, 863366.234, 114
Trd, 863366.284, 95
Trd, 863366.818, 98
Trd, 863366.884, 97
Trd, 863367.351, 103
Trd, 863367.518, 98
Trd, 863367.651, 97
Trd, 863368.484, 98
Trd, 863369.234, 108
Trd, 863369.584, 95
Trd, 863370.351, 105
Trd, 863370.418, 89
Trd, 863370.768, 87
Trd, 863371.001, 106
Trd, 863371.251, 89
Trd, 863371.434, 106
Trd, 863371.501, 87
Trd, 863371.884, 86
Trd, 863372.784, 90
Trd, 863373.518, 96
Trd, 863374.234, 100
Trd, 863374.318, 99
Trd, 863375.151, 101
Trd, 863375.284, 100
Trd, 863375.468, 101
Trd, 863375.534, 99
Trd, 863375.951, 96
Trd, 863375.968, 95
Trd, 863376.334, 100
Trd, 863376.934, 94
Trd, 863377.618, 99
Trd, 863378.168, 94
Trd, 863378.251, 104
Trd, 863378.384, 97
Trd, 863378.451, 97
Trd, 863379.134, 98
Trd, 863379.401, 112
Trd, 863379.668, 101
Trd, 863379.918, 101
Trd, 863380.451, 102
Trd, 863380.484, 111
Trd, 863380.818, 105
Trd, 863380.901, 104
Trd, 863382.334, 104
Trd, 863382.584, 103
Trd, 863382.751, 105
Trd, 863382.968, 103
Trd, 863383.218, 101
Trd, 863383.651, 98
Trd, 863383.984, 95
Trd, 863384.001, 93
Trd, 863384.218, 100
Trd, 863384.584, 95
Trd, 863384.768, 84
Trd, 863384.784, 83
Trd, 863385.068, 83
Trd, 863385.884, 82
Trd, 863386.568, 101
Trd, 863386.968, 88
Trd, 863387.051, 104
Trd, 863387.434, 114
Trd, 863387.968, 93
Trd, 863388.168, 93
Trd, 863388.518, 93
Trd, 863389.301, 97
Trd, 863389.451, 96
Trd, 863389.651, 103
Trd, 863389.868, 100
Trd, 863390.284, 101
Trd, 863390.318, 104
Trd, 863390.384, 100
Trd, 863390.651, 97
Trd, 863391.451, 98
Trd, 863391.701, 99
Trd, 863392.484, 101
Trd, 863392.701, 103
Trd, 863393.518, 102
Trd, 863393.834, 103
Trd, 863393.918, 101
Trd, 863393.951, 95
Trd, 863394.018, 93
Trd, 863394.184, 96
Trd, 863394.218, 104
Trd, 863394.551, 98
Trd, 863395.151, 97
Trd, 863395.301, 105
Trd, 863395.651, 98
Trd, 863396.184, 102
Trd, 863396.418, 102
Trd, 863396.468, 101
Trd, 863396.601, 99
Trd, 863397.401, 96
Trd, 863397.418, 94
Trd, 863397.701, 109
Trd, 863397.834, 94
Trd, 863397.901, 109
Trd, 863398.151, 93
Trd, 863399.268, 87
Trd, 863399.284, 86
Trd, 863399.601, 87
Trd, 863399.668, 91
Trd, 863400.518, 86
Trd, 863401.118, 92
Trd, 863401.968, 91
Trd, 863402.034, 90
Trd, 863402.184, 90
Trd, 863402.851, 93
Trd, 863403.018, 94
Trd, 863403.051, 93
Trd, 863403.284, 95
Trd, 863403.668, 97
Trd, 863403.734, 97
Trd, 863404.001, 104
Trd, 863404.351, 99
Trd, 863404.834, 99
Trd, 863404.934, 99
Trd, 863405.501, 102
Trd, 863405.884, 103
Trd, 863405.984, 104
Trd, 863406.151, 103
Trd, 863406.584, 100
Trd, 863406.668, 93
Trd, 863406.768, 89
Trd, 863407.718, 89
Trd, 863408.451, 103
Trd, 863408.784, 102
Trd, 863408.818, 104
Trd, 863408.851, 105
Trd, 863409.801, 101
Trd, 863409.934, 103
Trd, 863410.101, 98
Trd, 863410.184, 95
Trd, 863410.318, 90
Trd, 863410.384, 89
Trd, 863410.584, 85
Trd, 863411.784, 98
Trd, 863412.084, 97
Trd, 863412.401, 88
Trd, 863412.451, 88
Trd, 863412.784, 87
Trd, 863412.934, 104
Trd, 863413.434, 107
Trd, 863415.084, 96
Trd, 863415.468, 97
Trd, 863415.684, 96
Trd, 863415.984, 96
Trd, 863416.251, 95
Trd, 863416.284, 94
Trd, 863416.418, 96
Trd, 863416.651, 98
Trd, 863417.118, 101
Trd, 863417.234, 86
Trd, 863417.818, 93
Trd, 863418.134, 93
Trd, 863418.418, 104
Trd, 863418.601, 93
Trd, 863418.884, 95
Trd, 863419.568, 104
Trd, 863419.601, 102
Trd, 863420.034, 100
Trd, 863420.468, 108
Trd, 863421.251, 100
Trd, 863421.301, 98
Trd, 863421.451, 98
Trd, 863422.101, 104
Trd, 863422.351, 108
Trd, 863423.218, 102
Trd, 863423.451, 105
Trd, 863423.501, 103
Trd, 863423.651, 106
Trd, 863423.751, 103
Trd, 863423.951, 102
Trd, 863424.168, 99
Trd, 863424.934, 96
Trd, 863425.234, 96
Trd, 863425.801, 105
Trd, 863425.901, 85
Trd, 863426.268, 84
Trd, 863426.634, 84
Trd, 863426.701, 83
Trd, 863426.768, 105
Trd, 863428.018, 104
Trd, 863428.051, 97
Trd, 863428.318, 100
Trd, 863428.434, 99
Trd, 863428.968, 99
Trd, 863429.118, 99
Trd, 863429.184, 95
Trd, 863429.268, 104
Trd, 863429.434, 104
Trd, 863429.568, 94
Trd, 863429.784, 92
Trd, 863430.084, 86
Trd, 863431.118, 90
Trd, 863431.434, 106
Trd, 863431.634, 93
Trd, 863431.734, 92
Trd, 863431.851, 104
Trd, 863432.601, 99
Trd, 863433.051, 98
Trd, 863433.651, 97
Trd, 863433.918, 100
Trd, 863434.551, 98
Trd, 863434.968, 97
Trd, 863435.151, 97
Trd, 863435.434, 96
Trd, 863435.601, 95
Trd, 863436.251, 95
Trd, 863436.418, 96
Trd, 863436.784, 97
Trd, 863437.184, 97
Trd, 863437.568, 96
Trd, 863437.684, 95
Trd, 863437.701, 97
Trd, 863438.418, 97
Trd, 863438.651, 97
Trd, 863438.834, 106
Trd, 863439.001, 112
Trd, 863439.384, 94
Trd, 863440.301, 107
Trd, 863440.401, 106
Trd, 863440.551, 93
Trd, 863440.618, 83
Trd, 863440.701, 92
Trd, 863440.851, 111
Trd, 863441.584, 116
Trd, 863441.651, 86
Trd, 863441.751, 85
Trd, 863442.634, 89
Trd, 863443.084, 89
Trd, 863443.318, 98
Trd, 863443.551, 88
Trd, 863444.284, 93
Trd, 863444.351, 93
Trd, 863444.401, 95
Trd, 863444.618, 92
Trd, 863444.801, 91
Trd, 863444.868, 89
Trd, 863445.001, 85
Trd, 863445.451, 95
Trd, 863445.468, 95
Trd, 863446.651, 93
Trd, 863446.851, 92
Trd, 863447.468, 96
Trd, 863447.668, 96
Trd, 863448.034, 95
Trd, 863448.384, 98
Trd, 863448.868, 100
Trd, 863449.418, 93
Trd, 863450.284, 94
Trd, 863450.418, 95
Trd, 863450.501, 95
Trd, 863450.684, 95
Trd, 863451.118, 99
Trd, 863452.068, 104
Trd, 863452.334, 103
Trd, 863452.501, 106
Trd, 863452.984, 109
Trd, 863453.218, 100
Trd, 863453.751, 103
Trd, 863453.768, 102
Trd, 863454.468, 93
Trd, 863454.568, 92
Trd, 863454.868, 91
Trd, 863455.251, 93
Trd, 863455.484, 95
Trd, 863455.901, 95
Trd, 863456.101, 92
Trd, 863456.268, 92
Trd, 863456.601, 92
Trd, 863456.634, 91
Trd, 863456.868, 89
Trd, 863457.284, 89
Trd, 863457.718, 96
Trd, 863458.184, 97
Trd, 863458.584, 89
Trd, 863458.934, 89
Trd, 863459.051, 97
Trd, 863459.384, 86
Trd, 863459.801, 88
Trd, 863460.118, 83
Trd, 863460.468, 83
Trd, 863460.501, 98
Trd, 863461.218, 110
Trd, 863462.201, 99
Trd, 863462.768, 105
Trd, 863462.951, 107
Trd, 863462.968, 105
Trd, 863463.068, 105
Trd, 863463.368, 106
Trd, 863463.534, 108
Trd, 863464.034, 106
Trd, 863464.151, 106
Trd, 863464.401, 106
Trd, 863465.451, 105
Trd, 863465.918, 95
Trd, 863466.401, 91
Trd, 863466.484, 105
Trd, 863466.818, 91
Trd, 863467.334, 103
Trd, 863467.368, 90
Trd, 863467.768, 92
Trd, 863467.918, 92
Trd, 863468.334, 106
Trd, 863468.601, 90
Trd, 863468.951, 90
Trd, 863470.284, 97
Trd, 863470.384, 107
Trd, 863471.184, 105
Trd, 863471.468, 107
Trd, 863471.584, 100
Trd, 863471.801, 99
Trd, 863472.868, 101
Trd, 863473.268, 106
Trd, 863473.318, 102
Trd, 863473.351, 98
Trd, 863474.151, 102
Trd, 863474.301, 100
Trd, 863474.701, 100
Trd, 863475.184, 102
Trd, 863475.518, 102
Trd, 863475.818, 100
Trd, 863476.151, 96
Trd, 863476.301, 95
Trd, 863477.001, 93
Trd, 863477.018, 89
Trd, 863477.351, 95
Trd, 863477.384, 101
Trd, 863477.701, 85
Trd, 863477.984, 106
Trd, 863478.484, 88
Trd, 863478.768, 105
Trd, 863479.068, 89
Trd, 863479.084, 88
Trd, 863479.151, 87
Trd, 863479.768, 84
Trd, 863479.968, 100
Trd, 863480.534, 99
Trd, 863480.584, 89
Trd, 863480.634, 101
Trd, 863481.184, 97
Trd, 863482.434, 100
Trd, 863482.568, 99
Trd, 863482.701, 99
Trd, 863482.734, 95
Trd, 863482.818, 94
Trd, 863483.518, 100
Trd, 863483.801, 99
Trd, 863484.134, 98
Trd, 863484.218, 101
Trd, 863484.368, 95
Trd, 863484.618, 94
Trd, 863484.968, 94
Trd, 863485.784, 110
Trd, 863486.501, 95
Trd, 863486.601, 93
Trd, 863487.284, 95
Trd, 863487.851, 97
Trd, 863487.951, 96
Trd, 863488.151, 96
Trd, 863488.584, 95
Trd, 863488.701, 96
Trd, 863489.834, 100
Trd, 863489.884, 101
Trd, 863490.434, 95
Trd, 863490.651, 108
Trd, 863490.901, 96
Trd, 863491.034, 100
Trd, 863491.484, 106
Trd, 863491.768, 108
Trd, 863492.084, 93
Trd, 863492.318, 93
Trd, 863492.484, 93
Trd, 863493.084, 87
Trd, 863493.518, 105
Trd, 863493.834, 92
Trd, 863494.251, 94
Trd, 863494.568, 89
Trd, 863494.784, 90
Trd, 863495.218, 92
Trd, 863495.868, 96
Trd, 863496.618, 97
Trd, 863496.634, 95
Trd, 863497.084, 97
Trd, 863497.134, 96
Trd, 863497.784, 99
Trd, 863497.918, 98
Trd, 863498.051, 101
Trd, 863498.801, 105
Trd, 863499.201, 98
Trd, 863499.368, 93
Trd, 863499.484, 104
Trd, 863499.818, 86
Trd, 863499.984, 85
Trd, 863500.468, 88
Trd, 863500.501, 107
Trd, 863500.884, 92
Trd, 863501.201, 117
Trd, 863501.234, 117
Trd, 863501.334, 117
Trd, 863502.034, 117
Trd, 863502.334, 116
Trd, 863502.501, 110
Trd, 863503.018, 111
Trd, 863503.284, 109
Trd, 863503.451, 105
Trd, 863504.434, 99
Trd, 863504.568, 98
Trd, 863505.301, 90
Trd, 863505.401, 104
Trd, 863505.751, 101
Trd, 863506.201, 89
Trd, 863506.401, 100
Trd, 863507.618, 98
Trd, 863507.968, 99
Trd, 863508.218, 97
Trd, 863508.318, 96
Trd, 863508.851, 96
Trd, 863509.684, 100
Trd, 863509.851, 99
Trd, 863509.984, 96
Trd, 863510.301, 95
Trd, 863510.518, 100
Trd, 863510.634, 97
Trd, 863511.001, 96
Trd, 863511.201, 94
Trd, 863511.918, 96
Trd, 863511.934, 95
Trd, 863512.201, 101
Trd, 863512.801, 95
Trd, 863513.068, 95
Trd, 863513.618, 98
Trd, 863514.001, 99
Trd, 863514.118, 95
Trd, 863514.184, 94
Trd, 863514.818, 91
Trd, 863515.368, 90
Trd, 863515.534, 90
Trd, 863515.984, 97
Trd, 863516.318, 89
Trd, 863516.468, 85
Trd, 863517.184, 87
Trd, 863517.384, 88
Trd, 863517.551, 89
Trd, 863517.918, 98
Trd, 863518.001, 89
Trd, 863518.834, 103
Trd, 863519.251, 95
Trd, 863519.884, 101
Trd, 863520.018, 102
Trd, 863520.201, 98
Trd, 863520.684, 98
Trd, 863521.068, 99
Trd, 863521.101, 101
Trd, 863521.434, 98
Trd, 863521.801, 101
Trd, 863521.951, 97
Trd, 863522.184, 95
Trd, 863522.218, 102
Trd, 863523.084, 100
Trd, 863523.101, 99
Trd, 863523.134, 98
Trd, 863524.018, 96
Trd, 863524.318, 94
Trd, 863524.918, 93
Trd, 863525.434, 90
Trd, 863525.518, 90
Trd, 863526.168, 94
Trd, 863526.501, 95
Trd, 863526.818, 93
Trd, 863527.134, 92
Trd, 863527.601, 93
Trd, 863527.701, 92
Trd, 863528.418, 90
Trd, 863528.634, 90
Trd, 863529.818, 93
Trd, 863530.468, 95
Trd, 863530.634, 95
Trd, 863531.184, 93
Trd, 863531.618, 92
Trd, 863531.668, 98
Trd, 863531.684, 101
Trd, 863531.718, 89
Trd, 863532.468, 87
Trd, 863532.951, 104
Trd, 863533.068, 88
Trd, 863533.384, 87
Trd, 863533.418, 104
Trd, 863533.784, 86
Trd, 863534.368, 86
Trd, 863535.251, 88
Trd, 863535.318, 94
Trd, 863535.568, 87
Trd, 863536.068, 91
Trd, 863536.084, 90
Trd, 863536.301, 89
Trd, 863536.501, 88
Trd, 863536.551, 109
Trd, 863537.484, 100
Trd, 863537.801, 89
Trd, 863538.418, 94
Trd, 863539.234, 98
Trd, 863539.601, 97
Trd, 863539.868, 101
Trd, 863540.518, 99
Trd, 863540.901, 100
Trd, 863541.201, 100
Trd, 863541.818, 92
Trd, 863541.968, 93
Trd, 863542.368, 96
Trd, 863542.401, 99
Trd, 863542.684, 98
Trd, 863542.851, 104
Trd, 863543.134, 95
Trd, 863543.184, 93
Trd, 863543.334, 97
Trd, 863543.501, 93
Trd, 863543.968, 109
Trd, 863544.168, 91
Trd, 863544.751, 107
Trd, 863544.901, 109
Trd, 863545.034, 108
Trd, 863545.484, 86
Trd, 863546.168, 85
Trd, 863546.568, 115
Trd, 863547.084, 110
Trd, 863547.184, 108
Trd, 863547.334, 106
Trd, 863547.434, 98
Trd, 863547.518, 95
Trd, 863547.818, 87
Trd, 863547.851, 109
Trd, 863548.918, 86
Trd, 863549.101, 87
Trd, 863549.784, 94
Trd, 863550.051, 87
Trd, 863550.918, 95
Trd, 863551.068, 94
Trd, 863551.368, 89
Trd, 863551.784, 92
Trd, 863551.884, 91
Trd, 863552.201, 94
Trd, 863552.968, 94
Trd, 863553.251, 89
Trd, 863553.434, 105
Trd, 863553.634, 91
Trd, 863553.968, 90
Trd, 863554.318, 110
Trd, 863554.568, 101
Trd, 863554.584, 100
Trd, 863554.784, 99
Trd, 863555.301, 104
Trd, 863555.634, 98
Trd, 863556.018, 89
Trd, 863556.318, 90
Trd, 863556.784, 90
Trd, 863556.968, 98
Trd, 863558.218, 97
Trd, 863559.068, 93
Trd, 863559.201, 94
Trd, 863559.434, 94
Trd, 863559.768, 96
Trd, 863560.251, 98
Trd, 863560.484, 100
Trd, 863562.418, 107
Trd, 863562.534, 106
Trd, 863562.618, 105
Trd, 863562.684, 108
Trd, 863563.001, 108
Trd, 863563.118, 104
Trd, 863563.251, 103
Trd, 863563.384, 105
Trd, 863563.468, 102
Trd, 863563.634, 98
Trd, 863564.184, 97
Trd, 863564.268, 95
Trd, 863564.701, 106
Trd, 863566.018, 107
Trd, 863566.084, 109
Trd, 863566.984, 105
Trd, 863567.234, 107
Trd, 863567.534, 106
Trd, 863567.618, 104
Trd, 863567.918, 98
Trd, 863568.134, 93
Trd, 863568.351, 108
Trd, 863568.718, 92
Trd, 863568.784, 108
Trd, 863568.834, 91
Trd, 863569.534, 92
Trd, 863569.751, 103
Trd, 863569.818, 92
Trd, 863570.601, 96
Trd, 863570.668, 102
Trd, 863570.868, 104
Trd, 863571.401, 96
Trd, 863571.551, 95
Trd, 863571.568, 94
Trd, 863572.251, 95
Trd, 863572.401, 94
Trd, 863572.468, 93
Trd, 863572.651, 104
Trd, 863573.334, 95
Trd, 863574.468, 100
Trd, 863574.718, 101
Trd, 863575.601, 100
Trd, 863576.284, 103
Trd, 863576.501, 102
Trd, 863576.751, 98
Trd, 863577.351, 98
Trd, 863577.918, 100
Trd, 863578.051, 102
Trd, 863578.068, 103
Trd, 863578.151, 100
Trd, 863578.901, 105
Trd, 863579.018, 105
Trd, 863579.234, 97
Trd, 863579.518, 97
Trd, 863579.684, 97
Trd, 863579.701, 106
Trd, 863579.968, 96
Trd, 863580.134, 106
Trd, 863580.301, 95
Trd, 863580.384, 94
Trd, 863580.451, 93
Trd, 863580.651, 90
Trd, 863581.418, 90
Trd, 863581.934, 89
Trd, 863582.851, 90
Trd, 863584.051, 101
Trd, 863584.251, 92
Trd, 863584.451, 103
Trd, 863584.651, 93
Trd, 863585.051, 93
Trd, 863585.368, 102
Trd, 863585.768, 99
Trd, 863586.818, 97
Trd, 863586.984, 96
Trd, 863587.218, 88
Trd, 863587.551, 87
Trd, 863587.584, 85
Trd, 863587.851, 98
Trd, 863588.901, 95
Trd, 863589.118, 95
Trd, 863589.284, 95
Trd, 863589.351, 94
Trd, 863589.651, 95
Trd, 863589.701, 96
Trd, 863590.151, 98
Trd, 863590.168, 97
Trd, 863590.301, 101
Trd, 863590.318, 95
Trd, 863590.851, 93
Trd, 863591.134, 90
Trd, 863591.351, 105
Trd, 863591.834, 105
Trd, 863592.851, 91
Trd, 863592.918, 90
Trd, 863593.168, 89
Trd, 863593.368, 93
Trd, 863593.401, 104
Trd, 863594.951, 95
Trd, 863595.268, 98
Trd, 863595.401, 98
Trd, 863595.484, 96
Trd, 863595.818, 98
Trd, 863595.884, 96
Trd, 863595.984, 99
Trd, 863596.501, 95
Trd, 863596.634, 101
Trd, 863596.984, 93
Trd, 863597.034, 90
Trd, 863598.351, 94
Trd, 863598.534, 94
Trd, 863598.651, 95
Trd, 863598.951, 93
Trd, 863599.068, 96
Trd, 863599.351, 94
Trd, 863599.468, 92
Trd, 863599.551, 85
Trd, 863600.134, 87
Trd, 863600.151, 86
Trd, 863600.618, 87
Trd, 863601.001, 91
Trd, 863601.368, 93
Trd, 863601.684, 92
Trd, 863602.118, 92
Trd, 863602.418, 95
Trd, 863602.584, 98
Trd, 863602.668, 104
Trd, 863603.801, 104
Trd, 863603.918, 112
Trd, 863604.718, 103
Trd, 863605.001, 104
Trd, 863605.151, 103
Trd, 863605.584, 102
Trd, 863605.601, 93
Trd, 863605.834, 105
Trd, 863605.984, 108
Trd, 863606.134, 93
Trd, 863606.784, 95
Trd, 863606.801, 94
Trd, 863607.901, 86
Trd, 863608.184, 85
Trd, 863608.234, 95
Trd, 863609.101, 89
Trd, 863609.168, 98
Trd, 863611.151, 99
Trd, 863611.634, 99
Trd, 863611.784, 99
Trd, 863612.134, 104
Trd, 863612.168, 106
Trd, 863612.268, 100
Trd, 863612.384, 99
Trd, 863612.401, 107
Trd, 863612.901, 99
Trd, 863613.001, 109
Trd, 863613.334, 98
Trd, 863613.384, 96
Trd, 863613.601, 95
Trd, 863615.034, 95
Trd, 863615.101, 94
Trd, 863615.334, 107
Trd, 863615.434, 108
Trd, 863615.618, 93
Trd, 863616.918, 97
Trd, 863617.834, 100
Trd, 863618.068, 101
Trd, 863618.251, 100
Trd, 863618.718, 99
Trd, 863618.951, 99
Trd, 863619.118, 98
Trd, 863619.434, 99
Trd, 863619.868, 100
Trd, 863620.168, 98
Trd, 863620.351, 102
Trd, 863620.568, 105
Trd, 863621.384, 95
Trd, 863621.751, 94
Trd, 863621.951, 93
Trd, 863622.318, 104
Trd, 863622.734, 91
Trd, 863623.834, 97
Trd, 863624.084, 96
Trd, 863624.468, 101
Trd, 863624.501, 96
Trd, 863625.118, 97
Trd, 863625.184, 96
Trd, 863625.651, 101
Trd, 863625.668, 93
Trd, 863625.684, 85
Trd, 863625.918, 97
Trd, 863625.934, 98
Trd, 863626.401, 83
Trd, 863626.418, 83
Trd, 863626.701, 83
Trd, 863626.834, 83
Trd, 863627.818, 97
Trd, 863627.901, 91
Trd, 863628.551, 92
Trd, 863628.851, 90
Trd, 863629.234, 91
Trd, 863629.551, 93
Trd, 863630.184, 98
Trd, 863630.501, 97
Trd, 863631.051, 97
Trd, 863631.734, 99
Trd, 863632.318, 97
Trd, 863632.701, 96
Trd, 863632.868, 93
Trd, 863633.651, 92
Trd, 863633.718, 93
Trd, 863633.834, 98
Trd, 863633.934, 92
Trd, 863634.134, 100
Trd, 863634.318, 101
Trd, 863634.351, 92
Trd, 863635.118, 90
Trd, 863635.251, 91
Trd, 863635.501, 106
Trd, 863636.034, 94
Trd, 863636.201, 93
Trd, 863636.318, 94
Trd, 863636.668, 94
Trd, 863636.918, 93
Trd, 863637.651, 103
Trd, 863637.901, 97
Trd, 863638.001, 93
Trd, 863638.151, 75
Trd, 863638.268, 86
Trd, 863638.701, 97
Trd, 863639.584, 96
Trd, 863639.651, 97
Trd, 863640.118, 91
Trd, 863640.901, 89
Trd, 863641.168, 89
Trd, 863642.051, 92
Trd, 863642.101, 91
Trd, 863642.168, 89
Trd, 863642.251, 85
Trd, 863642.284, 84
Trd, 863642.501, 76
Trd, 863642.751, 94
Trd, 863643.184, 87
Trd, 863645.251, 90
Trd, 863645.451, 89
Trd, 863645.568, 89
Trd, 863645.668, 95
Trd, 863645.984, 89
Trd, 863646.234, 90
Trd, 863646.601, 92
Trd, 863647.001, 93
Trd, 863647.718, 101
Trd, 863647.734, 106
Trd, 863648.018, 100
Trd, 863648.134, 98
Trd, 863648.351, 99
Trd, 863648.984, 101
Trd, 863649.201, 100
Trd, 863650.084, 102
Trd, 863650.234, 98
Trd, 863650.451, 95
Trd, 863651.068, 92
Trd, 863651.618, 90
Trd, 863651.668, 101
Trd, 863651.951, 96
Trd, 863652.018, 89
Trd, 863652.134, 97
Trd, 863653.234, 101
Trd, 863653.434, 89
Trd, 863653.568, 107
Trd, 863654.734, 92
Trd, 863655.201, 109
Trd, 863655.268, 109
Trd, 863655.534, 109
Trd, 863655.618, 109
Trd, 863655.934, 108
Trd, 863656.384, 106
Trd, 863657.218, 104
Trd, 863657.334, 100
Trd, 863657.668, 99
Trd, 863658.851, 101
Trd, 863659.051, 103
Trd, 863659.101, 103
Trd, 863659.218, 103
Trd, 863659.468, 101
Trd, 863659.484, 99
Trd, 863659.584, 104
Trd, 863660.018, 98
Trd, 863660.084, 104
Trd, 863660.251, 99
Trd, 863660.434, 98
Trd, 863660.834, 104
Trd, 863661.201, 97
Trd, 863661.701, 96
Trd, 863662.034, 95
Trd, 863662.134, 104
Trd, 863662.251, 89
Trd, 863662.468, 91
Trd, 863663.068, 85
Trd, 863663.201, 87
Trd, 863664.401, 89
Trd, 863664.584, 88
Trd, 863665.068, 93
Trd, 863665.168, 92
Trd, 863665.234, 91
Trd, 863665.351, 91
Trd, 863665.434, 87
Trd, 863665.618, 85
Trd, 863665.651, 79
Trd, 863666.734, 81
Trd, 863667.151, 92
Trd, 863667.501, 95
Trd, 863667.818, 86
Trd, 863668.334, 94
Trd, 863668.751, 95
Trd, 863669.151, 93
Trd, 863669.234, 103
Trd, 863670.634, 101
Trd, 863670.651, 103
Trd, 863671.001, 101
Trd, 863671.068, 103
Trd, 863671.401, 101
Trd, 863671.451, 100
Trd, 863671.534, 99
Trd, 863671.851, 96
Trd, 863671.918, 96
Trd, 863672.484, 100
Trd, 863672.834, 94
Trd, 863673.501, 93
Trd, 863674.001, 99
Trd, 863674.984, 97
Trd, 863675.334, 98
Trd, 863675.418, 100
Trd, 863675.551, 99
Trd, 863675.751, 98
Trd, 863676.784, 101
Trd, 863677.018, 101
Trd, 863677.068, 110
Trd, 863677.701, 94
Trd, 863678.034, 96
Trd, 863678.334, 95
Trd, 863678.551, 95
Trd, 863679.284, 100
Trd, 863679.851, 103
Trd, 863679.934, 103
Trd, 863680.018, 103
Trd, 863680.168, 96
Trd, 863680.834, 95
Trd, 863681.751, 95
Trd, 863681.868, 94
Trd, 863682.018, 93
Trd, 863682.168, 99
Trd, 863682.351, 102
Trd, 863682.734, 86
Trd, 863682.784, 86
Trd, 863683.034, 85
Trd, 863683.384, 87
Trd, 863683.534, 105
Trd, 863684.334, 111
Trd, 863684.401, 93
Trd, 863684.734, 93
Trd, 863685.401, 107
Trd, 863685.418, 106
Trd, 863685.768, 107
Trd, 863686.251, 107
Trd, 863686.934, 102
Trd, 863687.818, 98
Trd, 863688.018, 96
Trd, 863688.068, 104
Trd, 863688.734, 96
Trd, 863688.818, 93
Trd, 863689.651, 93
Trd, 863689.684, 95
Trd, 863689.834, 89
Trd, 863690.068, 90
Trd, 863690.251, 94
Trd, 863690.418, 98
Trd, 863690.734, 90
Trd, 863690.901, 111
Trd, 863691.601, 87
Trd, 863691.951, 88
Trd, 863692.451, 103
Trd, 863692.934, 94
Trd, 863693.418, 94
Trd, 863693.851, 101
Trd, 863693.884, 94
Trd, 863694.034, 93
Trd, 863694.218, 99
Trd, 863694.518, 94
Trd, 863694.968, 93
Trd, 863695.168, 107
Trd, 863695.784, 96
Trd, 863695.968, 96
Trd, 863696.718, 103
Trd, 863696.918, 102
Trd, 863697.251, 101
Trd, 863697.418, 99
Trd, 863697.718, 100
Trd, 863697.851, 99
Trd, 863697.868, 102
Trd, 863698.268, 98
Trd, 863698.951, 112
Trd, 863699.468, 107
Trd, 863699.734, 106
Trd, 863699.834, 93
Trd, 863700.401, 89
Trd, 863700.601, 86
Trd, 863701.868, 88
Trd, 863702.134, 86
Trd, 863702.351, 105
Trd, 863702.734, 86
Trd, 863702.918, 85
Trd, 863703.351, 102
Trd, 863703.484, 84
Trd, 863704.034, 86
Trd, 863704.101, 99
Trd, 863704.268, 88
Trd, 863704.301, 87
Trd, 863704.334, 100
Trd, 863705.401, 91
Trd, 863705.584, 91
Trd, 863706.101, 92
Trd, 863706.118, 91
Trd, 863706.184, 94
Trd, 863707.118, 92
Trd, 863707.234, 95
Trd, 863707.434, 94
Trd, 863708.001, 95
Trd, 863708.034, 94
Trd, 863708.118, 91
Trd, 863708.318, 88
Trd, 863709.851, 89
Trd, 863710.118, 90
Trd, 863710.451, 93
Trd, 863710.818, 88
Trd, 863711.051, 98
Trd, 863711.568, 96
Trd, 863711.668, 96
Trd, 863712.251, 97
Trd, 863712.301, 96
Trd, 863712.701, 96
Trd, 863712.801, 106
Trd, 863713.718, 103
Trd, 863714.501, 102
Trd, 863714.518, 101
Trd, 863714.918, 101
Trd, 863715.068, 101
Trd, 863715.268, 102
Trd, 863715.668, 102
Trd, 863715.801, 102
Trd, 863716.084, 93
Trd, 863716.401, 90
Trd, 863716.451, 89
Trd, 863717.184, 85
Trd, 863717.534, 90
Trd, 863717.568, 84
Trd, 863717.834, 83
Trd, 863718.484, 86
Trd, 863719.151, 87
Trd, 863719.718, 90
Trd, 863719.834, 89
Trd, 863720.368, 98
Trd, 863720.701, 79
Trd, 863721.684, 95
Trd, 863721.918, 89
Trd, 863721.951, 88
Trd, 863722.251, 98
Trd, 863722.284, 91
Trd, 863722.634, 91
Trd, 863722.801, 86
Trd, 863723.034, 97
Trd, 863723.201, 87
Trd, 863723.451, 87
Trd, 863724.234, 96
Trd, 863724.818, 92
Trd, 863725.001, 98
Trd, 863725.751, 99
Trd, 863725.934, 99
Trd, 863726.218, 101
Trd, 863726.618, 103
Trd, 863727.034, 98
Trd, 863727.251, 97
Trd, 863727.301, 93
Trd, 863727.468, 85
Trd, 863727.834, 94
Trd, 863728.351, 96
Trd, 863728.751, 97
Trd, 863728.968, 96
Trd, 863730.584, 96
Trd, 863730.601, 95
Trd, 863730.734, 100
Trd, 863731.201, 98
Trd, 863731.601, 101
Trd, 863732.101, 101
Trd, 863732.168, 100
Trd, 863732.201, 95
Trd, 863732.951, 108
Trd, 863733.118, 94
Trd, 863733.968, 99
Trd, 863734.201, 96
Trd, 863734.568, 105
Trd, 863734.601, 95
Trd, 863735.234, 95
Trd, 863735.634, 105
Trd, 863735.834, 96
Trd, 863735.951, 95
Trd, 863736.684, 97
Trd, 863736.751, 105
Trd, 863736.868, 96
Trd, 863736.968, 106
Trd, 863737.251, 96
Trd, 863737.268, 94
Trd, 863737.984, 112
Trd, 863738.234, 93
Trd, 863738.384, 114
Trd, 863738.868, 90
Trd, 863740.218, 95
Trd, 863740.601, 93
Trd, 863741.201, 103
Trd, 863741.568, 98
Trd, 863741.868, 94
Trd, 863741.884, 100
Trd, 863742.634, 94
Trd, 863742.651, 93
Trd, 863742.818, 92
Trd, 863742.951, 92
Trd, 863743.984, 92
Trd, 863744.051, 94
Trd, 863744.851, 93
Trd, 863745.384, 93
Trd, 863745.468, 95
Trd, 863745.768, 93
Trd, 863746.218, 92
Trd, 863746.501, 91
Trd, 863746.651, 92
Trd, 863746.801, 93
Trd, 863746.901, 98
Trd, 863747.534, 93
Trd, 863748.051, 96
Trd, 863748.468, 101
Trd, 863748.718, 96
Trd, 863748.734, 106
Trd, 863749.151, 99
Trd, 863749.401, 99
Trd, 863750.118, 98
Trd, 863750.418, 107
Trd, 863750.551, 106
Trd, 863750.834, 97
Trd, 863751.068, 103
Trd, 863751.801, 101
Trd, 863751.934, 100
Trd, 863752.401, 96
Trd, 863752.568, 95
Trd, 863753.034, 89
Trd, 863753.068, 101
Trd, 863753.434, 101
Trd, 863753.484, 86
Trd, 863754.468, 91
Trd, 863755.218, 100
Trd, 863755.418, 100
Trd, 863755.551, 99
Trd, 863755.818, 98
Trd, 863755.934, 91
Trd, 863757.168, 97
Trd, 863757.934, 97
Trd, 863758.001, 96
Trd, 863758.101, 95
Trd, 863758.801, 94
Trd, 863758.918, 93
Trd, 863759.101, 89
Trd, 863759.134, 99
Trd, 863759.218, 83
Trd, 863759.934, 86
Trd, 863760.101, 101
Trd, 863760.251, 115
Trd, 863760.534, 104
Trd, 863760.568, 88
Trd, 863761.168, 87
Trd, 863761.334, 86
Trd, 863761.434, 86
Trd, 863761.818, 87
Trd, 863762.618, 87
Trd, 863762.768, 88
Trd, 863763.318, 91
Trd, 863763.468, 88
Trd, 863763.568, 97
Trd, 863764.034, 94
Trd, 863764.134, 96
Trd, 863765.518, 93
Trd, 863765.868, 95
Trd, 863766.234, 96
Trd, 863766.668, 101
Trd, 863767.301, 98
Trd, 863767.551, 99
Trd, 863767.718, 100
Trd, 863767.934, 115
Trd, 863768.334, 102
Trd, 863768.534, 101
Trd, 863768.834, 111
Trd, 863769.434, 105
Trd, 863769.484, 104
Trd, 863769.684, 99
Trd, 863769.868, 98
Trd, 863770.334, 103
Trd, 863771.284, 98
Trd, 863771.684, 96
Trd, 863772.018, 100
Trd, 863772.184, 100
Trd, 863772.451, 96
Trd, 863772.551, 95
Trd, 863772.584, 93
Trd, 863773.418, 90
Trd, 863773.918, 96
Trd, 863773.934, 90
Trd, 863774.034, 100
Trd, 863774.384, 91
Trd, 863775.201, 94
Trd, 863775.584, 96
Trd, 863776.134, 99
Trd, 863776.234, 98
Trd, 863776.468, 97
Trd, 863777.018, 95
Trd, 863777.084, 94
Trd, 863777.351, 95
Trd, 863777.501, 96
Trd, 863777.818, 94
Trd, 863778.334, 93
Trd, 863778.634, 91
Trd, 863779.601, 97
Trd, 863779.651, 101
Trd, 863779.684, 96
Trd, 863779.784, 95
Trd, 863779.918, 104
Trd, 863780.134, 98
Trd, 863780.301, 97
Trd, 863780.634, 109
Trd, 863780.701, 97
Trd, 863780.801, 95
Trd, 863781.901, 109
Trd, 863782.118, 103
Trd, 863782.668, 105
Trd, 863783.201, 107
Trd, 863783.418, 107
Trd, 863784.168, 105
Trd, 863784.401, 98
Trd, 863784.851, 97
Trd, 863784.968, 96
Trd, 863785.401, 99
Trd, 863786.234, 99
Trd, 863786.301, 98
Trd, 863786.384, 97
Trd, 863786.834, 97
Trd, 863786.884, 96
Trd, 863787.251, 103
Trd, 863787.701, 105
Trd, 863788.101, 96
Trd, 863788.568, 103
Trd, 863788.968, 95
Trd, 863789.251, 96
Trd, 863789.368, 95
Trd, 863789.401, 104
Trd, 863790.001, 95
Trd, 863790.584, 95
Trd, 863790.734, 93
Trd, 863791.434, 106
Trd, 863791.768, 100
Trd, 863792.334, 104
Trd, 863792.934, 93
Trd, 863793.284, 92
Trd, 863793.334, 91
Trd, 863793.534, 91
Trd, 863793.818, 92
Trd, 863794.534, 97
Trd, 863794.584, 93
Trd, 863794.634, 91
Trd, 863795.301, 97
Trd, 863795.434, 91
Trd, 863795.734, 92
Trd, 863795.918, 91
Trd, 863796.251, 91
Trd, 863796.918, 95
Trd, 863797.301, 93
Trd, 863798.451, 103
Trd, 863798.568, 97
Trd, 863799.001, 97
Trd, 863799.151, 102
Trd, 863799.168, 104
Trd, 863799.251, 96
Trd, 863799.451, 96
Trd, 863800.118, 97
Trd, 863800.384, 102
Trd, 863800.434, 101
Trd, 863800.868, 99
Trd, 863801.418, 100
Trd, 863801.651, 98
Trd, 863801.934, 96
Trd, 863803.368, 100
Trd, 863803.468, 99
Trd, 863803.534, 103
Trd, 863803.651, 106
Trd, 863803.718, 97
Trd, 863803.968, 113
Trd, 863804.068, 95
Trd, 863804.118, 93
Trd, 863804.184, 92
Trd, 863804.618, 113
Trd, 863805.568, 113
Trd, 863805.901, 109
Trd, 863805.934, 116
Trd, 863806.018, 108
Trd, 863806.468, 109
Trd, 863807.318, 111
Trd, 863807.684, 111
Trd, 863808.084, 112
Trd, 863808.384, 109
Trd, 863809.251, 107
Trd, 863809.368, 106
Trd, 863809.501, 109
Trd, 863809.634, 98
Trd, 863810.134, 98
Trd, 863810.234, 98
Trd, 863810.601, 93
Trd, 863810.718, 103
Trd, 863811.518, 100
Trd, 863811.768, 92
Trd, 863812.084, 92
Trd, 863812.818, 94
Trd, 863812.901, 103
Trd, 863813.368, 95
Trd, 863813.384, 92
Trd, 863813.534, 91
Trd, 863813.818, 94
Trd, 863814.201, 101
Trd, 863814.384, 92
Trd, 863814.734, 93
Trd, 863814.868, 99
Trd, 863815.034, 93
Trd, 863815.151, 89
Trd, 863815.168, 99
Trd, 863815.268, 101
Trd, 863816.701, 84
Trd, 863817.301, 101
Trd, 863817.934, 91
Trd, 863818.351, 92
Trd, 863818.568, 92
Trd, 863818.751, 94
Trd, 863818.868, 95
Trd, 863819.068, 92
Trd, 863819.484, 95
Trd, 863819.518, 94
Trd, 863819.534, 93
Trd, 863819.751, 101
Trd, 863819.984, 104
Trd, 863820.134, 89
Trd, 863820.951, 96
Trd, 863821.534, 99
Trd, 863821.818, 98
Trd, 863821.901, 96
Trd, 863822.734, 105
Trd, 863822.834, 100
Trd, 863822.968, 98
Trd, 863823.518, 91
Trd, 863823.534, 106
Trd, 863824.268, 91
Trd, 863824.468, 105
Trd, 863824.518, 105
Trd, 863824.634, 104
Trd, 863825.018, 94
Trd, 863825.501, 94
Trd, 863825.968, 94
Trd, 863826.834, 98
Trd, 863827.018, 95
Trd, 863827.484, 98
Trd, 863827.851, 99
Trd, 863828.034, 96
Trd, 863828.151, 100
Trd, 863828.634, 93
Trd, 863828.951, 88
Trd, 863829.234, 100
Trd, 863829.668, 88
Trd, 863830.051, 100
Trd, 863830.151, 90
Trd, 863830.651, 101
Trd, 863831.651, 93
Trd, 863831.801, 92
Trd, 863832.268, 91
Trd, 863832.768, 90
Trd, 863832.801, 89
Trd, 863833.501, 101
Trd, 863834.151, 95
Trd, 863834.384, 95
Trd, 863834.818, 100
Trd, 863834.851, 99
Trd, 863835.401, 100
Trd, 863835.601, 99
Trd, 863835.634, 98
Trd, 863836.068, 98
Trd, 863836.134, 97
Trd, 863836.534, 90
Trd, 863836.934, 90
Trd, 863836.951, 98
Trd, 863837.601, 94
Trd, 863837.884, 93
Trd, 863838.634, 93
Trd, 863838.734, 97
Trd, 863839.201, 97
Trd, 863839.734, 98
Trd, 863840.051, 98
Trd, 863840.118, 97
Trd, 863840.551, 97
Trd, 863840.651, 96
Trd, 863840.784, 108
Trd, 863840.818, 95
Trd, 863840.984, 93
Trd, 863841.034, 89
Trd, 863842.018, 104
Trd, 863842.351, 109
Trd, 863842.951, 108
Trd, 863843.068, 108
Trd, 863843.401, 108
Trd, 863843.584, 107
Trd, 863844.118, 98
Trd, 863844.884, 99
Trd, 863845.251, 95
Trd, 863845.301, 105
Trd, 863845.351, 95
Trd, 863845.684, 98
Trd, 863845.851, 105
Trd, 863846.351, 96
Trd, 863846.634, 97
Trd, 863847.201, 98
Trd, 863847.801, 99
Trd, 863848.134, 98
Trd, 863848.318, 95
Trd, 863848.834, 107
Trd, 863849.134, 107
Trd, 863849.201, 106
Trd, 863849.301, 109
Trd, 863850.101, 104
Trd, 863850.718, 103
Trd, 863850.768, 104
Trd, 863850.884, 102
Trd, 863850.968, 101
Trd, 863851.118, 100
Trd, 863852.084, 110
Trd, 863852.101, 102
Trd, 863852.768, 102
Trd, 863853.368, 102
Trd, 863853.584, 106
Trd, 863854.051, 101
Trd, 863854.901, 101
Trd, 863855.018, 98
Trd, 863855.418, 103
Trd, 863855.718, 103
Trd, 863856.051, 103
Trd, 863856.118, 104
Trd, 863856.334, 102
Trd, 863856.634, 95
Trd, 863857.268, 101
Trd, 863857.351, 91
Trd, 863857.684, 90
Trd, 863857.834, 90
Trd, 863858.518, 86
Trd, 863858.818, 97
Trd, 863859.001, 86
Trd, 863859.434, 98
Trd, 863859.651, 97
Trd, 863860.001, 99
Trd, 863860.168, 96
Trd, 863861.051, 112
Trd, 863861.284, 100
Trd, 863861.984, 92
Trd, 863862.001, 90
Trd, 863862.534, 104
Trd, 863863.151, 91
Trd, 863863.168, 105
Trd, 863864.534, 96
Trd, 863864.718, 96
Trd, 863865.068, 99
Trd, 863865.184, 106
Trd, 863865.201, 98
Trd, 863865.584, 99
Trd, 863865.868, 99
Trd, 863865.951, 100
Trd, 863866.368, 102
Trd, 863866.534, 103
Trd, 863867.534, 107
Trd, 863867.618, 106
Trd, 863867.901, 104
Trd, 863868.234, 99
Trd, 863868.368, 98
Trd, 863868.851, 95
Trd, 863869.284, 95
Trd, 863870.018, 93
Trd, 863870.101, 90
Trd, 863870.534, 91
Trd, 863870.884, 93
Trd, 863871.284, 94
Trd, 863871.768, 98
Trd, 863871.951, 94
Trd, 863872.034, 98
Trd, 863872.668, 97
Trd, 863872.751, 96
Trd, 863873.168, 96
Trd, 863873.451, 96
Trd, 863874.218, 94
Trd, 863874.684, 102
Trd, 863874.718, 104
Trd, 863875.101, 93
Trd, 863875.134, 104
Trd, 863875.534, 93
Trd, 863875.551, 91
Trd, 863875.784, 88
Trd, 863876.368, 88
Trd, 863877.168, 110
Trd, 863877.968, 90
Trd, 863878.351, 91
Trd, 863878.484, 91
Trd, 863879.468, 93
Trd, 863879.501, 92
Trd, 863880.051, 93
Trd, 863880.234, 92
Trd, 863880.484, 97
Trd, 863881.018, 96
Trd, 863881.601, 96
Trd, 863882.201, 98
Trd, 863882.218, 97
Trd, 863882.251, 96
Trd, 863883.451, 95
Trd, 863883.484, 104
Trd, 863883.568, 105
Trd, 863883.784, 91
Trd, 863884.101, 92
Trd, 863884.484, 95
Trd, 863884.651, 95
Trd, 863885.168, 94
Trd, 863885.251, 105
Trd, 863885.334, 94
Trd, 863886.318, 95
Trd, 863886.818, 95
Trd, 863887.018, 94
Trd, 863887.501, 93
Trd, 863887.868, 91
Trd, 863887.884, 90
Trd, 863888.801, 92
Trd, 863889.068, 101
Trd, 863889.251, 102
Trd, 863889.334, 104
Trd, 863889.818, 94
Trd, 863890.201, 92
Trd, 863891.534, 92
Trd, 863891.784, 108
Trd, 863892.034, 92
Trd, 863892.218, 92
Trd, 863892.701, 104
Trd, 863892.818, 93
Trd, 863892.951, 104
Trd, 863893.034, 107
Trd, 863893.084, 91
Trd, 863893.601, 95
Trd, 863894.184, 95
Trd, 863894.401, 102
Trd, 863894.651, 97
Trd, 863894.834, 97
Trd, 863895.451, 104
Trd, 863895.601, 103
Trd, 863895.718, 104
Trd, 863896.034, 102
Trd, 863896.634, 97
Trd, 863897.418, 98
Trd, 863897.501, 97
Trd, 863897.684, 96
Trd, 863897.801, 94
Trd, 863897.951, 95
Trd, 863898.618, 93
Trd, 863898.851, 89
Trd, 863899.368, 97
Trd, 863899.434, 101
Trd, 863900.334, 89
Trd, 863900.634, 90
Trd, 863901.734, 96
Trd, 863902.351, 100
Trd, 863902.534, 100
Trd, 863902.918, 101
Trd, 863903.268, 103
Trd, 863903.351, 102
Trd, 863903.418, 98
Trd, 863904.434, 98
Trd, 863904.618, 95
Trd, 863904.651, 104
Trd, 863904.668, 93
Trd, 863905.034, 107
Trd, 863905.568, 113
Trd, 863905.701, 109
Trd, 863905.884, 108
Trd, 863906.968, 113
Trd, 863907.084, 113
Trd, 863907.118, 113
Trd, 863907.201, 115
Trd, 863907.418, 118
Trd, 863907.484, 117
Trd, 863907.501, 106
Trd, 863908.018, 97
Trd, 863908.301, 96
Trd, 863909.151, 94
Trd, 863909.551, 94
Trd, 863909.784, 80
Trd, 863909.851, 98
Trd, 863910.134, 81
Trd, 863910.351, 81
Trd, 863911.351, 88
Trd, 863911.368, 82
Trd, 863912.401, 86
Trd, 863912.501, 91
Trd, 863912.651, 92
Trd, 863912.684, 87
Trd, 863912.818, 86
Trd, 863913.651, 93
Trd, 863913.834, 92
Trd, 863914.068, 86
Trd, 863914.318, 86
Trd, 863914.751, 87
Trd, 863915.034, 103
Trd, 863915.084, 87
Trd, 863915.284, 103
Trd, 863915.968, 92
Trd, 863916.101, 95
Trd, 863916.251, 95
Trd, 863916.751, 95
Trd, 863917.184, 94
Trd, 863917.451, 96
Trd, 863917.734, 90
Trd, 863917.918, 90
Trd, 863918.384, 89
Trd, 863918.434, 85
Trd, 863919.434, 96
Trd, 863919.451, 88
Trd, 863919.734, 88
Trd, 863919.984, 88
Trd, 863920.218, 106
Trd, 863920.718, 92
Trd, 863921.368, 102
Trd, 863921.568, 104
Trd, 863922.251, 110
Trd, 863922.584, 106
Trd, 863922.901, 104
Trd, 863923.401, 103
Trd, 863924.018, 95
Trd, 863924.651, 97
Trd, 863924.701, 96
Trd, 863925.668, 95
Trd, 863925.934, 93
Trd, 863926.001, 89
Trd, 863926.034, 105
Trd, 863926.168, 86
Trd, 863926.468, 88
Trd, 863926.568, 105
Trd, 863927.168, 90
Trd, 863927.401, 93
Trd, 863927.434, 89
Trd, 863928.084, 104
Trd, 863929.184, 102
Trd, 863929.201, 101
Trd, 863929.301, 103
Trd, 863929.484, 98
Trd, 863929.568, 96
Trd, 863930.734, 102
Trd, 863930.884, 103
Trd, 863930.918, 102
Trd, 863931.001, 100
Trd, 863931.251, 106
Trd, 863931.284, 96
Trd, 863931.518, 110
Trd, 863932.418, 96
Trd, 863933.351, 104
Trd, 863933.501, 96
Trd, 863933.834, 96
Trd, 863934.468, 96
Trd, 863934.918, 101
Trd, 863935.051, 95
Trd, 863935.618, 98
Trd, 863935.968, 97
Trd, 863937.218, 99
Trd, 863937.668, 94
Trd, 863937.751, 93
Trd, 863937.784, 97
Trd, 863937.868, 89
Trd, 863938.018, 88
Trd, 863938.134, 87
Trd, 863939.084, 94
Trd, 863939.518, 90
Trd, 863939.934, 91
Trd, 863940.468, 93
Trd, 863940.501, 92
Trd, 863940.601, 98
Trd, 863940.918, 100
Trd, 863941.168, 93
Trd, 863941.434, 96
Trd, 863941.584, 96
Trd, 863943.168, 98
Trd, 863943.451, 99
Trd, 863943.568, 98
Trd, 863943.768, 97
Trd, 863944.084, 100
Trd, 863944.418, 94
Trd, 863945.084, 96
Trd, 863945.151, 100
Trd, 863945.951, 100
Trd, 863946.568, 102
Trd, 863946.901, 104
Trd, 863947.201, 118
Trd, 863947.251, 104
Trd, 863947.484, 104
Trd, 863948.351, 104
Trd, 863948.718, 105
Trd, 863948.784, 106
Trd, 863948.868, 99
Trd, 863948.934, 98
Trd, 863949.968, 96
Trd, 863950.301, 98
Trd, 863950.518, 98
Trd, 863950.951, 101
Trd, 863951.418, 98
Trd, 863951.568, 98
Trd, 863952.884, 98
Trd, 863953.051, 98
Trd, 863953.384, 99
Trd, 863953.884, 96
Trd, 863954.068, 98
Trd, 863954.334, 98
Trd, 863954.501, 93
Trd, 863955.168, 88
Trd, 863956.168, 90
Trd, 863956.201, 89
Trd, 863956.384, 97
Trd, 863956.568, 93
Trd, 863957.151, 91
Trd, 863958.051, 96
Trd, 863958.534, 96
Trd, 863958.868, 96
Trd, 863959.101, 97
Trd, 863959.551, 99
Trd, 863959.734, 100
Trd, 863959.851, 99
Trd, 863959.884, 97
Trd, 863960.701, 99
Trd, 863960.851, 99
Trd, 863961.468, 98
Trd, 863962.334, 93
Trd, 863962.484, 98
Trd, 863963.084, 85
Trd, 863963.201, 84
Trd, 863963.401, 83
Trd, 863963.901, 84
Trd, 863964.251, 83
Trd, 863964.918, 93
Trd, 863965.201, 94
Trd, 863965.334, 96
Trd, 863965.484, 92
Trd, 863966.018, 98
Trd, 863966.468, 97
Trd, 863967.118, 91
Trd, 863967.318, 100
Trd, 863967.734, 95
Trd, 863967.884, 94
Trd, 863968.101, 98
Trd, 863968.201, 93
Trd, 863968.418, 101
Trd, 863968.434, 98
Trd, 863969.401, 94
Trd, 863969.518, 93
Trd, 863970.351, 90
Trd, 863970.484, 89
Trd, 863971.484, 103
Trd, 863971.651, 96
Trd, 863971.901, 97
Trd, 863972.584, 113
Trd, 863972.734, 99
Trd, 863973.018, 112
Trd, 863973.218, 99
Trd, 863973.318, 99
Trd, 863973.884, 98
Trd, 863974.418, 98
Trd, 863974.518, 96
Trd, 863974.934, 100
Trd, 863975.218, 96
Trd, 863975.784, 98
Trd, 863975.951, 97
Trd, 863976.101, 98
Trd, 863976.284, 95
Trd, 863976.368, 93
Trd, 863977.234, 92
Trd, 863977.351, 85
Trd, 863977.368, 91
Trd, 863977.668, 84
Trd, 863978.351, 84
Trd, 863978.418, 83
Trd, 863979.218, 91
Trd, 863979.618, 99
Trd, 863979.801, 100
Trd, 863980.384, 95
Trd, 863980.634, 101
Trd, 863980.801, 98
Trd, 863981.634, 105
Trd, 863981.651, 100
Trd, 863981.768, 107
Trd, 863982.884, 102
Trd, 863982.918, 103
Trd, 863983.684, 103
Trd, 863983.951, 102
Trd, 863984.084, 100
Trd, 863984.118, 98
Trd, 863984.401, 98
Trd, 863985.168, 98
Trd, 863985.184, 97
Trd, 863985.234, 96
Trd, 863985.534, 99
Trd, 863985.601, 95
Trd, 863985.901, 90
Trd, 863986.118, 86
Trd, 863986.468, 90
Trd, 863986.918, 89
Trd, 863987.084, 92
Trd, 863987.668, 91
Trd, 863987.701, 90
Trd, 863987.951, 104
Trd, 863988.168, 91
Trd, 863988.418, 90
Trd, 863988.484, 87
Trd, 863988.534, 112
Trd, 863989.351, 94
Trd, 863990.834, 93
Trd, 863990.901, 94
Trd, 863990.918, 95
Trd, 863991.151, 92
Trd, 863991.934, 92
Trd, 863992.251, 98
Trd, 863992.634, 85
Trd, 863992.834, 83
Trd, 863993.384, 88
Trd, 863993.484, 86
Trd, 863993.984, 86
Trd, 863994.018, 86
Trd, 863994.618, 89
Trd, 863994.951, 87
Trd, 863995.718, 90
Trd, 863996.351, 91
Trd, 863996.568, 90
Trd, 863997.068, 95
Trd, 863997.168, 91
Trd, 863997.334, 100
Trd, 863997.751, 88
Trd, 863998.251, 88
Trd, 863998.851, 93
Trd, 863998.901, 100
Trd, 863999.068, 92
Trd, 863999.768, 102
