Trd, 863328.168, 109
Trd, 863328.501, 107
Trd, 863328.601, 106
Trd, 863328.668, 102
Trd, 863328.701, 101
Trd, 863328.784, 113
Trd, 863329.434, 106
Trd, 863329.468, 101
Trd, 863330.201, 108
Trd, 863330.301, 101
Trd, 863330.618, 94
Trd, 863330.634, 127
Trd, 863330.718, 93
Trd, 863331.101, 95
Trd, 863331.434, 91
Trd, 863331.968, 94
Trd, 863332.084, 87
Trd, 863332.934, 83
Trd, 863333.418, 96
Trd, 863334.251, 95
Trd, 863334.351, 98
Trd, 863334.901, 94
Trd, 863335.118, 101
Trd, 863336.001, 101
Trd, 863336.534, 103
Trd, 863336.868, 105
Trd, 863336.934, 104
Trd, 863337.118, 103
Trd, 863337.951, 104
Trd, 863338.384, 96
Trd, 863338.534, 98
Trd, 863338.801, 95
Trd, 863338.834, 101
Trd, 863338.951, 94
Trd, 863339.134, 95
Trd, 863339.234, 94
Trd, 863339.818, 97
Trd, 863340.451, 93
Trd, 863341.351, 95
Trd, 863341.451, 95
Trd, 863342.034, 109
Trd, 863342.134, 106
Trd, 863342.168, 109
Trd, 863343.251, 97
Trd, 863343.518, 98
Trd, 863343.534, 97
Trd, 863344.018, 98
Trd, 863344.351, 97
Trd, 863344.684, 95
Trd, 863344.901, 95
Trd, 863345.084, 91
Trd, 863345.268, 84
Trd, 863345.434, 101
Trd, 863346.718, 106
Trd, 863346.834, 101
Trd, 863346.901, 99
Trd, 863347.101, 115
Trd, 863347.134, 116
Trd, 863347.551, 104
Trd, 863348.118, 112
Trd, 863348.584, 104
Trd, 863349.318, 104
Trd, 863349.501, 104
Trd, 863350.168, 101
Trd, 863350.518, 100
Trd, 863350.801, 99
Trd, 863351.084, 98
Trd, 863351.201, 104
Trd, 863351.251, 120
Trd, 863351.551, 93
Trd, 863351.834, 110
Trd, 863352.051, 93
Trd, 863352.718, 96
Trd, 863352.734, 88
Trd, 863353.501, 91
Trd, 863354.118, 99
Trd, 863354.401, 95
Trd, 863354.418, 101
Trd, 863355.234, 96
Trd, 863355.651, 99
Trd, 863355.784, 109
Trd, 863355.918, 102
Trd, 863356.101, 101
Trd, 863356.418, 102
Trd, 863356.751, 101
Trd, 863357.334, 101
Trd, 863357.434, 98
Trd, 863357.534, 93
Trd, 863357.968, 94
Trd, 863358.184, 108
Trd, 863358.451, 93
Trd, 863359.218, 84
Trd, 863359.634, 96
Trd, 863359.718, 99
Trd, 863360.468, 106
Trd, 863360.801, 98
Trd, 863361.001, 89
Trd, 863361.168, 112
Trd, 863362.101, 92
Trd, 863362.334, 92
Trd, 863362.501, 91
Trd, 863362.534, 88
Trd, 863363.168, 91
Trd, 863363.501, 87
Trd, 863363.951, 91
Trd, 863364.018, 84
Trd, 863364.718, 99
Trd, 863364.751, 98
Trd, 863364.801, 97
Trd, 863365.318, 90
Trd, 863366.101, 90
Trd, 863366.251, 89
Trd, 863366.301, 87
Trd, 863366.351, 84
Trd, 863366.368, 99
Trd, 863367.318, 86
Trd, 863368.168, 91
Trd, 863368.534, 101
Trd, 863368.868, 100
Trd, 863369.201, 101
Trd, 863369.751, 96
Trd, 863370.434, 95
Trd, 863370.451, 94
Trd, 863370.484, 93
Trd, 863371.268, 95
Trd, 863371.618, 107
Trd, 863372.068, 108
Trd, 863372.868, 103
Trd, 863372.934, 109
Trd, 863373.018, 103
Trd, 863373.101, 102
Trd, 863373.718, 101
Trd, 863373.734, 100
Trd, 863374.401, 101
Trd, 863374.718, 104
Trd, 863374.734, 121
Trd, 863375.318, 102
Trd, 863375.468, 102
Trd, 863375.784, 101
Trd, 863375.951, 93
Trd, 863376.218, 94
Trd, 863376.301, 87
Trd, 863376.551, 103
Trd, 863376.718, 95
Trd, 863378.301, 91
Trd, 863378.784, 88
Trd, 863379.001, 98
Trd, 863379.301, 101
Trd, 863379.334, 90
Trd, 863379.868, 101
Trd, 863379.984, 100
Trd, 863380.468, 106
Trd, 863380.984, 87
Trd, 863381.234, 107
Trd, 863381.401, 106
Trd, 863381.584, 90
Trd, 863381.818, 96
Trd, 863381.951, 95
Trd, 863382.568, 96
Trd, 863383.151, 94
Trd, 863383.768, 95
Trd, 863383.884, 97
Trd, 863384.418, 95
Trd, 863384.434, 116
Trd, 863384.568, 93
Trd, 863384.968, 90
Trd, 863385.651, 94
Trd, 863385.734, 93
Trd, 863386.584, 98
Trd, 863386.601, 97
Trd, 863387.051, 98
Trd, 863388.118, 98
Trd, 863388.251, 98
Trd, 863388.268, 101
Trd, 863388.551, 112
Trd, 863388.584, 98
Trd, 863389.301, 97
Trd, 863389.601, 100
Trd, 863389.684, 97
Trd, 863389.768, 101
Trd, 863389.868, 94
Trd, 863390.518, 85
Trd, 863390.551, 84
Trd, 863391.568, 99
Trd, 863391.868, 120
Trd, 863392.218, 98
Trd, 863392.234, 97
Trd, 863392.351, 89
Trd, 863392.484, 87
Trd, 863392.801, 95
Trd, 863393.351, 84
Trd, 863394.068, 91
Trd, 863394.184, 82
Trd, 863394.468, 109
Trd, 863394.918, 95
Trd, 863395.484, 97
Trd, 863396.101, 106
Trd, 863396.368, 100
Trd, 863396.451, 99
Trd, 863396.701, 101
Trd, 863396.851, 100
Trd, 863397.418, 102
Trd, 863397.701, 102
Trd, 863397.851, 101
Trd, 863398.701, 104
Trd, 863399.018, 104
Trd, 863399.184, 103
Trd, 863399.801, 103
Trd, 863399.984, 104
Trd, 863400.551, 121
Trd, 863400.818, 117
Trd, 863401.784, 105
Trd, 863401.901, 104
Trd, 863402.068, 107
Trd, 863402.468, 108
Trd, 863402.601, 107
Trd, 863402.634, 104
Trd, 863402.651, 94
Trd, 863403.051, 92
Trd, 863403.134, 82
Trd, 863403.618, 109
Trd, 863403.684, 110
Trd, 863404.001, 87
Trd, 863405.151, 110
Trd, 863405.234, 100
Trd, 863405.468, 121
Trd, 863405.734, 125
Trd, 863406.834, 105
Trd, 863407.018, 105
Trd, 863407.068, 99
Trd, 863407.251, 98
Trd, 863407.884, 92
Trd, 863407.934, 93
Trd, 863408.151, 95
Trd, 863408.801, 117
Trd, 863408.934, 116
Trd, 863409.034, 98
Trd, 863409.051, 94
Trd, 863409.284, 94
Trd, 863409.884, 96
Trd, 863410.118, 98
Trd, 863410.818, 107
Trd, 863411.134, 99
Trd, 863411.201, 99
Trd, 863411.484, 101
Trd, 863412.018, 102
Trd, 863412.051, 101
Trd, 863412.684, 105
Trd, 863412.968, 96
Trd, 863413.134, 95
Trd, 863413.451, 96
Trd, 863414.401, 101
Trd, 863414.701, 99
Trd, 863414.784, 104
Trd, 863415.101, 102
Trd, 863415.834, 106
Trd, 863416.001, 109
Trd, 863416.268, 100
Trd, 863416.384, 99
Trd, 863416.584, 98
Trd, 863416.934, 97
Trd, 863417.101, 97
Trd, 863417.318, 103
Trd, 863417.434, 104
Trd, 863417.984, 112
Trd, 863418.434, 114
Trd, 863418.518, 112
Trd, 863418.934, 98
Trd, 863419.068, 96
Trd, 863420.001, 95
Trd, 863420.034, 93
Trd, 863420.701, 88
Trd, 863421.001, 90
Trd, 863421.518, 89
Trd, 863421.734, 100
Trd, 863421.784, 88
Trd, 863421.951, 85
Trd, 863422.034, 101
Trd, 863422.651, 97
Trd, 863422.851, 104
Trd, 863423.518, 102
Trd, 863424.018, 104
Trd, 863424.368, 104
Trd, 863424.518, 103
Trd, 863425.334, 84
Trd, 863425.434, 109
Trd, 863425.468, 121
Trd, 863425.818, 79
Trd, 863426.384, 86
Trd, 863426.884, 88
Trd, 863427.368, 90
Trd, 863427.751, 91
Trd, 863428.851, 97
Trd, 863428.868, 100
Trd, 863429.468, 94
Trd, 863429.651, 92
Trd, 863429.868, 95
Trd, 863430.068, 98
Trd, 863430.168, 101
Trd, 863430.234, 106
Trd, 863430.284, 96
Trd, 863430.418, 105
Trd, 863430.518, 95
Trd, 863431.634, 113
Trd, 863431.801, 100
Trd, 863432.468, 103
Trd, 863432.668, 98
Trd, 863433.084, 98
Trd, 863433.384, 97
Trd, 863434.234, 102
Trd, 863434.334, 98
Trd, 863434.884, 87
Trd, 863435.018, 78
Trd, 863435.534, 86
Trd, 863435.651, 81
Trd, 863436.201, 95
Trd, 863436.401, 95
Trd, 863436.818, 95
Trd, 863437.318, 101
Trd, 863437.584, 98
Trd, 863437.784, 96
Trd, 863438.168, 99
Trd, 863438.701, 108
Trd, 863438.734, 101
Trd, 863438.918, 100
Trd, 863439.818, 103
Trd, 863440.118, 102
Trd, 863440.234, 109
Trd, 863440.784, 106
Trd, 863441.084, 103
Trd, 863441.384, 102
Trd, 863441.634, 107
Trd, 863441.834, 97
Trd, 863442.018, 95
Trd, 863442.184, 92
Trd, 863442.351, 97
Trd, 863442.534, 88
Trd, 863443.501, 94
Trd, 863444.284, 96
Trd, 863444.518, 101
Trd, 863444.534, 107
Trd, 863444.868, 97
Trd, 863445.151, 97
Trd, 863445.268, 104
Trd, 863445.284, 111
Trd, 863446.018, 96
Trd, 863447.151, 110
Trd, 863447.218, 112
Trd, 863447.251, 113
Trd, 863447.701, 96
Trd, 863448.484, 99
Trd, 863448.901, 98
Trd, 863449.234, 99
Trd, 863449.301, 99
Trd, 863449.968, 108
Trd, 863449.984, 101
Trd, 863450.184, 100
Trd, 863450.801, 100
Trd, 863451.284, 105
Trd, 863451.918, 109
Trd, 863452.584, 105
Trd, 863453.084, 106
Trd, 863453.218, 105
Trd, 863453.401, 106
Trd, 863453.518, 107
Trd, 863454.001, 110
Trd, 863454.118, 108
Trd, 863454.151, 107
Trd, 863454.734, 98
Trd, 863455.001, 109
Trd, 863455.084, 95
Trd, 863455.201, 93
Trd, 863455.468, 87
Trd, 863455.684, 97
Trd, 863456.084, 117
Trd, 863456.951, 100
Trd, 863457.018, 100
Trd, 863457.101, 99
Trd, 863457.434, 106
Trd, 863457.651, 109
Trd, 863457.768, 102
Trd, 863457.801, 101
Trd, 863459.184, 110
Trd, 863460.084, 116
Trd, 863460.184, 115
Trd, 863460.201, 111
Trd, 863460.418, 110
Trd, 863460.651, 108
Trd, 863460.951, 126
Trd, 863461.001, 124
Trd, 863461.884, 98
Trd, 863462.501, 97
Trd, 863462.584, 96
Trd, 863462.734, 94
Trd, 863462.801, 111
Trd, 863463.051, 123
Trd, 863464.251, 98
Trd, 863465.034, 99
Trd, 863465.201, 98
Trd, 863465.651, 99
Trd, 863465.868, 101
Trd, 863465.951, 98
Trd, 863466.501, 92
Trd, 863466.601, 92
Trd, 863467.284, 109
Trd, 863467.451, 121
Trd, 863467.484, 100
Trd, 863467.918, 101
Trd, 863468.168, 98
Trd, 863468.184, 95
Trd, 863468.318, 108
Trd, 863468.451, 94
Trd, 863468.551, 93
Trd, 863468.701, 120
Trd, 863469.984, 91
Trd, 863470.201, 87
Trd, 863470.268, 97
Trd, 863470.418, 87
Trd, 863470.668, 92
Trd, 863470.701, 86
Trd, 863471.184, 91
Trd, 863471.518, 89
Trd, 863471.951, 98
Trd, 863472.334, 89
Trd, 863472.518, 99
Trd, 863472.751, 101
Trd, 863473.701, 98
Trd, 863474.101, 109
Trd, 863474.284, 100
Trd, 863474.484, 110
Trd, 863475.051, 102
Trd, 863475.318, 102
Trd, 863475.401, 100
Trd, 863475.884, 99
Trd, 863475.968, 98
Trd, 863476.201, 93
Trd, 863476.251, 87
Trd, 863476.934, 81
Trd, 863477.468, 89
Trd, 863477.984, 90
Trd, 863478.784, 94
Trd, 863479.034, 95
Trd, 863479.084, 100
Trd, 863479.568, 98
Trd, 863479.701, 101
Trd, 863480.551, 104
Trd, 863480.568, 106
Trd, 863481.051, 121
Trd, 863481.834, 113
Trd, 863482.234, 112
Trd, 863482.368, 110
Trd, 863482.651, 104
Trd, 863483.084, 116
Trd, 863483.151, 122
Trd, 863483.518, 115
Trd, 863483.568, 97
Trd, 863484.484, 97
Trd, 863484.534, 96
Trd, 863484.601, 95
Trd, 863484.668, 93
Trd, 863485.284, 84
Trd, 863485.734, 89
Trd, 863485.818, 95
Trd, 863486.034, 87
Trd, 863486.368, 92
Trd, 863486.468, 95
Trd, 863486.784, 85
Trd, 863488.334, 89
Trd, 863488.401, 88
Trd, 863488.584, 91
Trd, 863488.684, 93
Trd, 863488.901, 89
Trd, 863489.618, 95
Trd, 863489.818, 95
Trd, 863490.118, 96
Trd, 863490.334, 99
Trd, 863490.951, 101
Trd, 863491.034, 100
Trd, 863491.351, 99
Trd, 863491.418, 96
Trd, 863492.101, 98
Trd, 863492.218, 107
Trd, 863492.401, 96
Trd, 863492.434, 96
Trd, 863492.734, 113
Trd, 863493.968, 105
Trd, 863494.201, 106
Trd, 863494.284, 104
Trd, 863494.451, 104
Trd, 863494.551, 92
Trd, 863495.018, 98
Trd, 863495.551, 97
Trd, 863495.801, 101
Trd, 863495.851, 97
Trd, 863496.218, 97
Trd, 863496.834, 95
Trd, 863497.151, 91
Trd, 863497.684, 95
Trd, 863498.818, 92
Trd, 863498.868, 91
Trd, 863499.418, 95
Trd, 863500.018, 97
Trd, 863500.968, 98
Trd, 863500.984, 97
Trd, 863501.418, 95
Trd, 863501.901, 93
Trd, 863502.068, 95
Trd, 863502.118, 93
Trd, 863502.618, 100
Trd, 863502.934, 102
Trd, 863503.368, 103
Trd, 863503.401, 100
Trd, 863503.601, 99
Trd, 863503.734, 105
Trd, 863503.884, 93
Trd, 863504.118, 91
Trd, 863504.418, 111
Trd, 863505.234, 96
Trd, 863505.434, 98
Trd, 863505.751, 96
Trd, 863506.018, 95
Trd, 863506.701, 95
Trd, 863507.301, 99
Trd, 863507.718, 97
Trd, 863508.034, 100
Trd, 863508.251, 99
Trd, 863508.718, 100
Trd, 863508.851, 100
Trd, 863509.034, 99
Trd, 863509.884, 101
Trd, 863510.118, 109
Trd, 863510.451, 101
Trd, 863510.601, 107
Trd, 863510.801, 100
Trd, 863511.468, 102
Trd, 863511.751, 101
Trd, 863512.151, 101
Trd, 863512.334, 116
Trd, 863513.101, 100
Trd, 863513.434, 99
Trd, 863513.451, 98
Trd, 863513.751, 95
Trd, 863514.118, 98
Trd, 863514.618, 93
Trd, 863514.751, 96
Trd, 863515.601, 94
Trd, 863515.668, 92
Trd, 863516.184, 97
Trd, 863516.401, 99
Trd, 863516.834, 88
Trd, 863517.234, 98
Trd, 863518.001, 98
Trd, 863518.051, 88
Trd, 863518.651, 93
Trd, 863518.901, 96
Trd, 863518.918, 95
Trd, 863519.468, 95
Trd, 863519.568, 93
Trd, 863520.051, 95
Trd, 863520.201, 97
Trd, 863520.718, 101
Trd, 863520.801, 97
Trd, 863520.834, 96
Trd, 863521.784, 109
Trd, 863522.418, 114
Trd, 863522.518, 95
Trd, 863522.568, 92
Trd, 863522.634, 121
Trd, 863523.068, 95
Trd, 863523.251, 85
Trd, 863523.668, 87
Trd, 863524.218, 91
Trd, 863524.234, 87
Trd, 863524.318, 90
Trd, 863524.668, 92
Trd, 863525.318, 88
Trd, 863526.018, 94
Trd, 863526.618, 90
Trd, 863526.801, 99
Trd, 863526.851, 101
Trd, 863527.168, 92
Trd, 863527.901, 98
Trd, 863528.034, 97
Trd, 863528.118, 98
Trd, 863528.468, 108
Trd, 863528.584, 90
Trd, 863528.851, 109
Trd, 863529.201, 92
Trd, 863529.434, 95
Trd, 863529.534, 96
Trd, 863530.368, 107
Trd, 863530.818, 94
Trd, 863530.884, 93
Trd, 863531.018, 123
Trd, 863531.918, 100
Trd, 863532.151, 97
Trd, 863532.284, 115
Trd, 863533.151, 100
Trd, 863533.351, 99
Trd, 863533.518, 100
Trd, 863533.734, 99
Trd, 863534.768, 98
Trd, 863535.601, 98
Trd, 863535.634, 97
Trd, 863536.418, 95
Trd, 863537.201, 95
Trd, 863537.234, 98
Trd, 863537.401, 98
Trd, 863537.534, 94
Trd, 863538.384, 99
Trd, 863538.801, 99
Trd, 863539.101, 101
Trd, 863539.168, 100
Trd, 863539.501, 99
Trd, 863539.984, 98
Trd, 863540.201, 94
Trd, 863540.968, 107
Trd, 863541.084, 108
Trd, 863541.118, 109
Trd, 863542.151, 102
Trd, 863542.334, 120
Trd, 863542.734, 106
Trd, 863542.851, 106
Trd, 863543.084, 106
Trd, 863543.168, 104
Trd, 863543.368, 105
Trd, 863543.701, 104
Trd, 863544.251, 116
Trd, 863544.368, 111
Trd, 863544.451, 105
Trd, 863544.518, 114
Trd, 863544.751, 103
Trd, 863545.334, 99
Trd, 863546.268, 95
Trd, 863546.834, 97
Trd, 863547.201, 107
Trd, 863548.651, 105
Trd, 863548.718, 104
Trd, 863548.784, 107
Trd, 863549.284, 109
Trd, 863549.484, 109
Trd, 863549.668, 105
Trd, 863550.268, 107
Trd, 863550.284, 106
Trd, 863550.434, 103
Trd, 863550.834, 101
Trd, 863550.868, 102
Trd, 863551.268, 106
Trd, 863551.418, 101
Trd, 863551.434, 100
Trd, 863551.668, 97
Trd, 863552.051, 103
Trd, 863552.868, 98
Trd, 863553.184, 99
Trd, 863553.234, 98
Trd, 863553.734, 97
Trd, 863554.068, 86
Trd, 863554.218, 109
Trd, 863554.301, 89
Trd, 863554.318, 82
Trd, 863554.584, 116
Trd, 863555.218, 115
Trd, 863555.451, 97
Trd, 863556.234, 95
Trd, 863556.451, 94
Trd, 863556.768, 93
Trd, 863556.968, 100
Trd, 863557.201, 95
Trd, 863557.301, 101
Trd, 863557.601, 85
Trd, 863558.251, 85
Trd, 863559.251, 98
Trd, 863559.268, 104
Trd, 863559.284, 96
Trd, 863560.651, 94
Trd, 863561.001, 94
Trd, 863561.201, 93
Trd, 863561.584, 84
Trd, 863561.968, 100
Trd, 863562.068, 102
Trd, 863562.284, 95
Trd, 863562.484, 106
Trd, 863563.368, 99
Trd, 863563.568, 107
Trd, 863563.751, 98
Trd, 863563.968, 97
Trd, 863564.084, 93
Trd, 863564.401, 101
Trd, 863565.251, 98
Trd, 863565.384, 106
Trd, 863565.534, 97
Trd, 863565.751, 96
Trd, 863565.784, 95
Trd, 863566.751, 99
Trd, 863567.218, 99
Trd, 863567.251, 99
Trd, 863567.768, 94
Trd, 863568.151, 93
Trd, 863569.284, 101
Trd, 863569.451, 101
Trd, 863569.784, 100
Trd, 863570.568, 98
Trd, 863570.934, 96
Trd, 863571.068, 95
Trd, 863571.284, 108
Trd, 863571.501, 109
Trd, 863571.568, 96
Trd, 863571.701, 96
Trd, 863572.251, 96
Trd, 863572.901, 121
Trd, 863572.951, 99
Trd, 863574.001, 100
Trd, 863574.018, 98
Trd, 863574.184, 100
Trd, 863574.368, 98
Trd, 863574.701, 93
Trd, 863575.201, 104
Trd, 863575.218, 86
Trd, 863575.834, 107
Trd, 863577.018, 104
Trd, 863577.151, 104
Trd, 863577.801, 103
Trd, 863578.034, 104
Trd, 863578.251, 104
Trd, 863578.351, 103
Trd, 863578.701, 102
Trd, 863578.718, 100
Trd, 863579.051, 105
Trd, 863579.634, 107
Trd, 863579.668, 106
Trd, 863580.068, 98
Trd, 863580.734, 99
Trd, 863580.901, 98
Trd, 863581.051, 99
Trd, 863581.084, 113
Trd, 863581.134, 98
Trd, 863582.268, 95
Trd, 863582.651, 94
Trd, 863582.768, 97
Trd, 863582.834, 93
Trd, 863582.868, 87
Trd, 863584.984, 91
Trd, 863585.018, 94
Trd, 863585.634, 94
Trd, 863586.251, 101
Trd, 863586.484, 105
Trd, 863586.834, 109
Trd, 863587.268, 99
Trd, 863587.818, 110
Trd, 863588.201, 101
Trd, 863588.301, 98
Trd, 863588.451, 109
Trd, 863588.734, 108
Trd, 863588.784, 96
Trd, 863589.118, 120
Trd, 863589.718, 105
Trd, 863590.268, 105
Trd, 863590.318, 104
Trd, 863590.334, 103
Trd, 863590.634, 118
Trd, 863591.401, 94
Trd, 863592.018, 94
Trd, 863592.684, 109
Trd, 863592.751, 93
Trd, 863593.201, 88
Trd, 863593.434, 87
Trd, 863594.118, 98
Trd, 863594.301, 97
Trd, 863594.501, 95
Trd, 863594.568, 98
Trd, 863594.584, 103
Trd, 863594.918, 97
Trd, 863594.951, 96
Trd, 863595.484, 98
Trd, 863596.068, 102
Trd, 863596.151, 100
Trd, 863596.501, 99
Trd, 863596.684, 96
Trd, 863597.718, 98
Trd, 863598.568, 99
Trd, 863598.951, 101
Trd, 863599.201, 101
Trd, 863599.268, 102
Trd, 863599.301, 99
Trd, 863599.434, 109
Trd, 863599.584, 110
Trd, 863599.601, 101
Trd, 863599.618, 100
Trd, 863600.934, 117
Trd, 863600.984, 119
Trd, 863601.484, 101
Trd, 863601.568, 101
Trd, 863601.684, 100
Trd, 863601.834, 96
Trd, 863601.934, 97
Trd, 863602.268, 97
Trd, 863603.134, 110
Trd, 863603.818, 121
Trd, 863604.051, 98
Trd, 863604.318, 123
Trd, 863604.418, 95
Trd, 863604.601, 87
Trd, 863605.018, 97
Trd, 863605.734, 98
Trd, 863605.834, 93
Trd, 863605.934, 100
Trd, 863606.134, 93
Trd, 863606.751, 98
Trd, 863607.201, 99
Trd, 863607.401, 95
Trd, 863607.468, 94
Trd, 863608.001, 93
Trd, 863608.401, 96
Trd, 863608.584, 93
Trd, 863609.251, 95
Trd, 863609.418, 101
Trd, 863609.618, 95
Trd, 863609.634, 94
Trd, 863610.234, 94
Trd, 863610.251, 92
Trd, 863611.368, 109
Trd, 863611.834, 96
Trd, 863611.984, 97
Trd, 863612.301, 98
Trd, 863612.601, 110
Trd, 863612.934, 98
Trd, 863613.534, 99
Trd, 863613.784, 98
Trd, 863613.868, 95
Trd, 863614.001, 93
Trd, 863614.018, 87
Trd, 863614.501, 95
Trd, 863615.801, 102
Trd, 863615.884, 93
Trd, 863616.151, 99
Trd, 863616.468, 107
Trd, 863616.584, 100
Trd, 863616.601, 109
Trd, 863616.734, 111
Trd, 863617.684, 105
Trd, 863618.334, 105
Trd, 863618.384, 104
Trd, 863618.568, 103
Trd, 863618.784, 99
Trd, 863618.918, 98
Trd, 863618.984, 105
Trd, 863619.184, 95
Trd, 863619.268, 86
Trd, 863619.584, 95
Trd, 863620.284, 84
Trd, 863620.384, 93
Trd, 863621.384, 95
Trd, 863622.168, 99
Trd, 863622.201, 97
Trd, 863622.334, 95
Trd, 863622.751, 101
Trd, 863623.401, 101
Trd, 863623.551, 101
Trd, 863623.918, 100
Trd, 863624.034, 108
Trd, 863624.501, 109
Trd, 863625.084, 100
Trd, 863625.184, 111
Trd, 863625.351, 98
Trd, 863625.368, 114
Trd, 863625.851, 95
Trd, 863626.718, 100
Trd, 863626.884, 99
Trd, 863627.118, 101
Trd, 863627.251, 100
Trd, 863627.268, 99
Trd, 863627.718, 94
Trd, 863627.901, 94
Trd, 863629.051, 94
Trd, 863629.118, 92
Trd, 863629.218, 88
Trd, 863630.251, 95
Trd, 863630.801, 97
Trd, 863631.034, 97
Trd, 863631.251, 87
Trd, 863631.451, 84
Trd, 863631.718, 81
Trd, 863632.201, 84
Trd, 863632.551, 93
Trd, 863632.884, 101
Trd, 863633.184, 107
Trd, 863633.801, 99
Trd, 863634.118, 99
Trd, 863634.351, 100
Trd, 863634.418, 105
Trd, 863635.268, 107
Trd, 863635.318, 99
Trd, 863635.468, 104
Trd, 863635.551, 98
Trd, 863635.884, 95
Trd, 863636.034, 99
Trd, 863636.134, 107
Trd, 863636.301, 98
Trd, 863638.268, 102
Trd, 863638.601, 103
Trd, 863638.968, 108
Trd, 863639.051, 103
Trd, 863639.218, 103
Trd, 863639.301, 102
Trd, 863639.451, 101
Trd, 863639.668, 95
Trd, 863639.851, 109
Trd, 863641.018, 93
Trd, 863641.451, 95
Trd, 863642.134, 97
Trd, 863642.568, 99
Trd, 863642.734, 98
Trd, 863642.818, 98
Trd, 863642.834, 100
Trd, 863643.284, 108
Trd, 863643.734, 97
Trd, 863644.168, 99
Trd, 863644.518, 100
Trd, 863644.818, 99
Trd, 863645.168, 94
Trd, 863645.984, 95
Trd, 863646.218, 98
Trd, 863646.968, 96
Trd, 863647.001, 92
Trd, 863648.151, 98
Trd, 863648.184, 101
Trd, 863648.451, 97
Trd, 863649.118, 95
Trd, 863649.684, 98
Trd, 863649.701, 109
Trd, 863649.784, 92
Trd, 863649.834, 87
Trd, 863650.001, 107
Trd, 863650.018, 87
Trd, 863650.301, 115
Trd, 863650.451, 84
Trd, 863651.401, 99
Trd, 863652.234, 89
Trd, 863652.768, 89
Trd, 863652.851, 88
Trd, 863653.034, 93
Trd, 863653.584, 94
Trd, 863654.001, 108
Trd, 863654.818, 98
Trd, 863654.851, 102
Trd, 863654.918, 103
Trd, 863655.184, 98
Trd, 863656.301, 101
Trd, 863656.701, 101
Trd, 863656.984, 102
Trd, 863657.201, 101
Trd, 863657.584, 106
Trd, 863657.901, 109
Trd, 863658.101, 101
Trd, 863658.984, 101
Trd, 863659.168, 97
Trd, 863659.551, 87
Trd, 863660.551, 106
Trd, 863660.901, 99
Trd, 863660.951, 97
Trd, 863661.134, 96
Trd, 863661.818, 94
Trd, 863661.884, 93
Trd, 863662.118, 84
Trd, 863662.601, 99
Trd, 863662.718, 94
Trd, 863662.801, 106
Trd, 863662.884, 87
Trd, 863663.168, 107
Trd, 863663.184, 108
Trd, 863664.534, 96
Trd, 863664.768, 99
Trd, 863665.118, 99
Trd, 863665.734, 101
Trd, 863666.468, 102
Trd, 863666.651, 101
Trd, 863666.751, 100
Trd, 863666.918, 98
Trd, 863667.034, 102
Trd, 863667.051, 109
Trd, 863667.218, 98
Trd, 863667.751, 95
Trd, 863668.018, 114
Trd, 863668.501, 98
Trd, 863669.184, 98
Trd, 863669.601, 109
Trd, 863669.768, 99
Trd, 863670.084, 99
Trd, 863670.101, 97
Trd, 863670.318, 110
Trd, 863670.534, 95
Trd, 863670.784, 109
Trd, 863670.984, 98
Trd, 863671.884, 96
Trd, 863671.984, 95
Trd, 863672.284, 95
Trd, 863672.551, 95
Trd, 863672.651, 102
Trd, 863673.151, 95
Trd, 863673.418, 94
Trd, 863674.668, 86
Trd, 863675.101, 84
Trd, 863675.184, 109
Trd, 863675.734, 84
Trd, 863675.851, 92
Trd, 863676.084, 123
Trd, 863676.351, 88
Trd, 863676.468, 92
Trd, 863676.868, 96
Trd, 863677.851, 98
Trd, 863677.968, 97
Trd, 863678.218, 99
Trd, 863678.518, 104
Trd, 863678.734, 100
Trd, 863678.834, 103
Trd, 863678.918, 99
Trd, 863678.934, 98
Trd, 863679.801, 100
Trd, 863680.068, 99
Trd, 863680.718, 108
Trd, 863680.818, 96
Trd, 863682.084, 90
Trd, 863682.284, 90
Trd, 863683.168, 94
Trd, 863683.284, 95
Trd, 863683.401, 97
Trd, 863683.801, 95
Trd, 863684.334, 100
Trd, 863684.368, 109
Trd, 863684.718, 94
Trd, 863685.534, 102
Trd, 863686.134, 103
Trd, 863686.234, 102
Trd, 863686.384, 101
Trd, 863686.784, 103
Trd, 863687.651, 102
Trd, 863687.784, 102
Trd, 863687.934, 101
Trd, 863688.434, 106
Trd, 863688.618, 101
Trd, 863688.651, 100
Trd, 863689.318, 99
Trd, 863690.084, 98
Trd, 863690.118, 97
Trd, 863690.551, 98
Trd, 863690.818, 97
Trd, 863691.018, 105
Trd, 863692.118, 111
Trd, 863692.584, 115
Trd, 863692.784, 113
Trd, 863692.868, 112
Trd, 863693.051, 107
Trd, 863693.368, 113
Trd, 863693.418, 106
Trd, 863693.651, 116
Trd, 863694.001, 97
Trd, 863694.084, 95
Trd, 863694.318, 97
Trd, 863694.884, 105
Trd, 863695.218, 95
Trd, 863695.751, 95
Trd, 863696.168, 88
Trd, 863696.851, 96
Trd, 863697.034, 95
Trd, 863697.384, 89
Trd, 863697.668, 91
Trd, 863697.818, 96
Trd, 863697.851, 94
Trd, 863698.001, 90
Trd, 863698.384, 98
Trd, 863698.568, 92
Trd, 863698.868, 106
Trd, 863699.518, 93
Trd, 863700.118, 94
Trd, 863700.401, 93
Trd, 863700.534, 91
Trd, 863700.751, 86
Trd, 863701.468, 96
Trd, 863701.884, 86
Trd, 863702.084, 90
Trd, 863702.484, 98
Trd, 863703.384, 101
Trd, 863703.468, 106
Trd, 863703.901, 94
Trd, 863704.051, 94
Trd, 863704.168, 95
Trd, 863704.751, 100
Trd, 863705.168, 104
Trd, 863705.768, 100
Trd, 863705.851, 99
Trd, 863706.168, 98
Trd, 863706.334, 104
Trd, 863706.534, 108
Trd, 863706.584, 88
Trd, 863706.801, 104
Trd, 863706.901, 95
Trd, 863707.168, 89
Trd, 863707.518, 90
Trd, 863707.534, 109
Trd, 863708.784, 95
Trd, 863709.168, 94
Trd, 863709.551, 93
Trd, 863709.718, 95
Trd, 863710.218, 119
Trd, 863710.368, 94
Trd, 863710.451, 93
Trd, 863711.018, 101
Trd, 863711.951, 102
Trd, 863712.284, 102
Trd, 863712.334, 101
Trd, 863712.618, 105
Trd, 863712.884, 101
Trd, 863712.901, 106
Trd, 863713.018, 100
Trd, 863713.084, 93
Trd, 863713.118, 84
Trd, 863713.501, 109
Trd, 863714.168, 98
Trd, 863714.268, 98
Trd, 863714.318, 100
Trd, 863715.418, 109
Trd, 863715.634, 100
Trd, 863715.651, 99
Trd, 863715.884, 98
Trd, 863716.151, 86
Trd, 863716.401, 87
Trd, 863716.584, 109
Trd, 863716.834, 124
Trd, 863717.984, 96
Trd, 863718.934, 118
Trd, 863719.068, 118
Trd, 863719.451, 116
Trd, 863719.684, 114
Trd, 863720.751, 95
Trd, 863720.984, 94
Trd, 863721.034, 93
Trd, 863721.651, 93
Trd, 863721.951, 97
Trd, 863722.034, 93
Trd, 863722.168, 99
Trd, 863722.384, 92
Trd, 863722.868, 87
Trd, 863723.368, 93
Trd, 863723.768, 98
Trd, 863724.584, 107
Trd, 863724.934, 108
Trd, 863725.001, 102
Trd, 863725.384, 102
Trd, 863725.484, 98
Trd, 863725.518, 93
Trd, 863725.851, 117
Trd, 863726.684, 87
Trd, 863726.718, 86
Trd, 863726.801, 88
Trd, 863726.851, 83
Trd, 863727.218, 101
Trd, 863728.684, 102
Trd, 863729.318, 102
Trd, 863729.334, 100
Trd, 863729.368, 99
Trd, 863729.384, 98
Trd, 863729.818, 104
Trd, 863731.118, 105
Trd, 863731.368, 101
Trd, 863731.818, 101
Trd, 863732.068, 101
Trd, 863732.401, 100
Trd, 863732.568, 109
Trd, 863732.601, 98
Trd, 863733.001, 94
Trd, 863733.201, 87
Trd, 863734.001, 101
Trd, 863734.818, 101
Trd, 863735.001, 101
Trd, 863735.034, 99
Trd, 863735.434, 98
Trd, 863735.618, 98
Trd, 863735.918, 100
Trd, 863736.268, 98
Trd, 863736.434, 97
Trd, 863736.468, 101
Trd, 863736.584, 93
Trd, 863736.868, 108
Trd, 863737.384, 92
Trd, 863738.101, 85
Trd, 863739.068, 102
Trd, 863739.618, 95
Trd, 863739.818, 104
Trd, 863740.184, 96
Trd, 863740.534, 95
Trd, 863741.584, 107
Trd, 863742.234, 104
Trd, 863742.584, 105
Trd, 863742.884, 105
Trd, 863743.018, 104
Trd, 863743.568, 104
Trd, 863743.751, 104
Trd, 863744.018, 104
Trd, 863744.151, 107
Trd, 863744.218, 105
Trd, 863744.318, 103
Trd, 863744.534, 109
Trd, 863745.268, 97
Trd, 863745.301, 110
Trd, 863745.318, 95
Trd, 863745.701, 95
Trd, 863746.818, 101
Trd, 863746.884, 101
Trd, 863746.951, 100
Trd, 863747.234, 98
Trd, 863747.368, 95
Trd, 863747.568, 94
Trd, 863749.018, 93
Trd, 863749.668, 92
Trd, 863749.818, 94
Trd, 863750.101, 91
Trd, 863750.418, 94
Trd, 863750.451, 97
Trd, 863750.768, 87
Trd, 863750.884, 90
Trd, 863750.901, 98
Trd, 863751.884, 97
Trd, 863752.051, 90
Trd, 863752.351, 109
Trd, 863752.434, 91
Trd, 863752.451, 121
Trd, 863752.818, 92
Trd, 863752.968, 94
Trd, 863753.534, 113
Trd, 863754.168, 111
Trd, 863754.268, 98
Trd, 863754.651, 108
Trd, 863755.401, 108
Trd, 863755.568, 111
Trd, 863756.151, 107
Trd, 863756.368, 111
Trd, 863756.934, 111
Trd, 863757.251, 108
Trd, 863757.351, 113
Trd, 863757.484, 108
Trd, 863757.518, 107
Trd, 863758.151, 115
Trd, 863758.651, 98
Trd, 863759.051, 98
Trd, 863759.368, 98
Trd, 863759.501, 93
Trd, 863760.151, 101
Trd, 863760.184, 97
Trd, 863760.368, 88
Trd, 863760.701, 95
Trd, 863760.968, 98
Trd, 863761.001, 87
Trd, 863761.301, 83
Trd, 863761.718, 82
Trd, 863762.151, 93
Trd, 863763.168, 99
Trd, 863763.251, 101
Trd, 863764.568, 101
Trd, 863764.718, 102
Trd, 863764.834, 100
Trd, 863765.334, 98
Trd, 863765.501, 99
Trd, 863765.584, 98
Trd, 863765.884, 99
Trd, 863765.951, 98
Trd, 863766.934, 97
Trd, 863767.401, 97
Trd, 863767.651, 97
Trd, 863768.018, 97
Trd, 863768.284, 97
Trd, 863768.718, 98
Trd, 863769.051, 97
Trd, 863769.718, 96
Trd, 863770.101, 101
Trd, 863770.184, 95
Trd, 863770.684, 90
Trd, 863771.318, 109
Trd, 863771.568, 98
Trd, 863771.651, 94
Trd, 863771.901, 93
Trd, 863772.884, 103
Trd, 863773.001, 104
Trd, 863773.201, 100
Trd, 863773.468, 99
Trd, 863773.918, 99
Trd, 863773.984, 98
Trd, 863774.068, 106
Trd, 863774.084, 95
Trd, 863774.284, 106
Trd, 863774.368, 94
Trd, 863774.668, 94
Trd, 863774.951, 109
Trd, 863775.418, 99
Trd, 863776.651, 101
Trd, 863776.751, 100
Trd, 863777.218, 99
Trd, 863777.284, 98
Trd, 863777.634, 97
Trd, 863777.818, 95
Trd, 863778.418, 88
Trd, 863778.518, 87
Trd, 863778.668, 107
Trd, 863778.851, 105
Trd, 863779.434, 104
Trd, 863779.501, 106
Trd, 863780.001, 100
Trd, 863780.301, 96
Trd, 863780.934, 97
Trd, 863781.134, 102
Trd, 863781.201, 117
Trd, 863781.401, 96
Trd, 863781.551, 93
Trd, 863781.851, 84
Trd, 863782.384, 120
Trd, 863782.968, 86
Trd, 863783.418, 90
Trd, 863783.451, 85
Trd, 863783.884, 82
Trd, 863784.084, 94
Trd, 863784.584, 123
Trd, 863785.551, 104
Trd, 863785.718, 102
Trd, 863786.368, 107
Trd, 863786.418, 106
Trd, 863786.534, 101
Trd, 863786.651, 98
Trd, 863787.234, 98
Trd, 863787.368, 109
Trd, 863787.734, 95
Trd, 863787.918, 108
Trd, 863788.784, 105
Trd, 863788.884, 103
Trd, 863789.734, 117
Trd, 863789.951, 104
Trd, 863789.968, 118
Trd, 863790.851, 105
Trd, 863791.334, 107
Trd, 863791.651, 106
Trd, 863791.718, 106
Trd, 863792.118, 117
Trd, 863792.301, 107
Trd, 863792.768, 104
Trd, 863793.568, 117
Trd, 863793.668, 101
Trd, 863793.734, 99
Trd, 863793.868, 98
Trd, 863794.651, 98
Trd, 863794.801, 101
Trd, 863794.851, 98
Trd, 863795.051, 101
Trd, 863795.318, 111
Trd, 863795.534, 96
Trd, 863795.768, 97
Trd, 863796.234, 96
Trd, 863796.268, 95
Trd, 863796.918, 113
Trd, 863797.001, 88
Trd, 863797.034, 86
Trd, 863798.501, 96
Trd, 863798.551, 95
Trd, 863799.684, 98
Trd, 863799.984, 100
Trd, 863800.351, 100
Trd, 863800.568, 101
Trd, 863800.868, 109
Trd, 863801.568, 103
Trd, 863801.851, 102
Trd, 863802.018, 98
Trd, 863802.534, 94
Trd, 863803.168, 96
Trd, 863803.351, 103
Trd, 863803.868, 98
Trd, 863803.984, 109
Trd, 863804.251, 97
Trd, 863804.318, 96
Trd, 863804.651, 99
Trd, 863804.801, 99
Trd, 863804.968, 98
Trd, 863805.234, 95
Trd, 863805.334, 93
Trd, 863806.184, 95
Trd, 863807.018, 90
Trd, 863807.318, 101
Trd, 863807.634, 105
Trd, 863807.668, 101
Trd, 863807.801, 99
Trd, 863808.268, 96
Trd, 863808.801, 97
Trd, 863808.884, 103
Trd, 863809.201, 98
Trd, 863809.451, 107
Trd, 863809.751, 99
Trd, 863809.851, 98
Trd, 863810.101, 95
Trd, 863810.251, 93
Trd, 863810.751, 87
Trd, 863811.018, 94
Trd, 863811.184, 82
Trd, 863811.584, 73
Trd, 863811.901, 98
Trd, 863812.318, 109
Trd, 863812.834, 93
Trd, 863812.868, 109
Trd, 863814.601, 92
Trd, 863814.834, 97
Trd, 863814.901, 98
Trd, 863815.251, 100
Trd, 863815.284, 101
Trd, 863815.368, 99
Trd, 863816.101, 106
Trd, 863816.218, 101
Trd, 863816.818, 101
Trd, 863817.568, 96
Trd, 863817.618, 94
Trd, 863817.918, 95
Trd, 863818.184, 93
Trd, 863818.318, 87
Trd, 863819.018, 88
Trd, 863819.218, 94
Trd, 863819.484, 91
Trd, 863819.551, 96
Trd, 863820.234, 99
Trd, 863820.318, 101
Trd, 863821.151, 98
Trd, 863821.201, 98
Trd, 863821.801, 101
Trd, 863821.818, 107
Trd, 863821.918, 98
Trd, 863821.968, 96
Trd, 863822.951, 94
Trd, 863822.984, 87
Trd, 863823.068, 81
Trd, 863823.118, 99
Trd, 863823.418, 91
Trd, 863823.668, 97
Trd, 863824.634, 98
Trd, 863825.451, 103
Trd, 863825.534, 102
Trd, 863825.818, 105
Trd, 863826.168, 106
Trd, 863826.318, 106
Trd, 863826.568, 105
Trd, 863826.584, 103
Trd, 863826.634, 109
Trd, 863827.434, 88
Trd, 863827.468, 87
Trd, 863827.884, 93
Trd, 863827.901, 109
Trd, 863828.418, 96
Trd, 863828.901, 90
Trd, 863828.968, 99
Trd, 863829.401, 96
Trd, 863829.934, 101
Trd, 863830.401, 101
Trd, 863831.868, 98
Trd, 863832.218, 104
Trd, 863832.351, 95
Trd, 863832.551, 89
Trd, 863832.634, 87
Trd, 863833.351, 84
Trd, 863833.418, 96
Trd, 863833.501, 89
Trd, 863833.768, 100
Trd, 863833.968, 96
Trd, 863834.268, 97
Trd, 863834.384, 104
Trd, 863834.634, 108
Trd, 863835.384, 102
Trd, 863836.268, 107
Trd, 863836.401, 100
Trd, 863836.418, 99
Trd, 863836.584, 98
Trd, 863836.601, 107
Trd, 863837.418, 101
Trd, 863838.118, 104
Trd, 863838.551, 103
Trd, 863838.968, 101
Trd, 863839.084, 98
Trd, 863839.434, 101
Trd, 863839.468, 102
Trd, 863839.518, 95
Trd, 863840.068, 95
Trd, 863840.151, 106
Trd, 863840.351, 95
Trd, 863840.568, 94
Trd, 863840.584, 91
Trd, 863840.901, 92
Trd, 863841.534, 107
Trd, 863842.001, 93
Trd, 863842.351, 95
Trd, 863842.634, 94
Trd, 863843.318, 96
Trd, 863843.768, 95
Trd, 863843.951, 97
Trd, 863844.334, 89
Trd, 863844.401, 98
Trd, 863844.568, 101
Trd, 863844.884, 102
Trd, 863845.301, 94
Trd, 863845.484, 96
Trd, 863845.851, 124
Trd, 863846.434, 108
Trd, 863847.384, 99
Trd, 863847.551, 94
Trd, 863847.968, 100
Trd, 863847.984, 98
Trd, 863848.418, 107
Trd, 863848.434, 91
Trd, 863848.651, 89
Trd, 863848.901, 88
Trd, 863849.001, 83
Trd, 863849.301, 84
Trd, 863849.334, 83
Trd, 863850.168, 95
Trd, 863850.384, 105
Trd, 863850.901, 97
Trd, 863852.918, 102
Trd, 863853.001, 109
Trd, 863853.268, 102
Trd, 863853.468, 102
Trd, 863853.518, 115
Trd, 863853.718, 102
Trd, 863854.484, 112
Trd, 863854.618, 102
Trd, 863854.718, 101
Trd, 863855.234, 120
Trd, 863855.268, 100
Trd, 863855.401, 98
Trd, 863855.501, 97
Trd, 863856.034, 100
Trd, 863857.234, 95
Trd, 863857.268, 93
Trd, 863857.334, 104
Trd, 863857.751, 110
Trd, 863857.768, 114
Trd, 863857.968, 97
Trd, 863858.134, 94
Trd, 863858.451, 98
Trd, 863858.601, 98
Trd, 863858.734, 97
Trd, 863858.884, 96
Trd, 863859.084, 94
Trd, 863859.268, 93
Trd, 863859.518, 97
Trd, 863860.418, 117
Trd, 863860.618, 98
Trd, 863861.468, 107
Trd, 863861.518, 117
Trd, 863862.768, 100
Trd, 863862.801, 99
Trd, 863863.151, 99
Trd, 863863.451, 98
Trd, 863864.001, 101
Trd, 863864.518, 100
Trd, 863865.034, 102
Trd, 863865.134, 100
Trd, 863865.184, 95
Trd, 863865.418, 95
Trd, 863865.551, 107
Trd, 863865.868, 98
Trd, 863866.318, 95
Trd, 863866.684, 95
Trd, 863866.734, 92
Trd, 863867.168, 87
Trd, 863867.518, 88
Trd, 863867.801, 105
Trd, 863868.168, 90
Trd, 863868.251, 90
Trd, 863868.451, 107
Trd, 863869.451, 95
Trd, 863869.468, 100
Trd, 863869.601, 90
Trd, 863869.801, 108
Trd, 863870.251, 90
Trd, 863870.534, 95
Trd, 863871.201, 97
Trd, 863871.651, 92
Trd, 863872.468, 93
Trd, 863872.568, 90
Trd, 863873.368, 101
Trd, 863873.568, 101
Trd, 863873.768, 98
Trd, 863874.468, 102
Trd, 863874.918, 102
Trd, 863875.068, 101
Trd, 863875.668, 103
Trd, 863875.834, 101
Trd, 863875.868, 106
Trd, 863875.951, 98
Trd, 863876.018, 97
Trd, 863876.801, 118
Trd, 863876.968, 97
Trd, 863878.351, 97
Trd, 863878.451, 96
Trd, 863878.534, 100
Trd, 863878.601, 95
Trd, 863878.701, 95
Trd, 863879.151, 95
Trd, 863879.734, 101
Trd, 863879.818, 94
Trd, 863879.884, 93
Trd, 863880.518, 94
Trd, 863880.684, 94
Trd, 863881.418, 99
Trd, 863882.268, 107
Trd, 863882.984, 103
Trd, 863883.068, 104
Trd, 863883.251, 102
Trd, 863883.584, 99
Trd, 863884.551, 101
Trd, 863884.568, 99
Trd, 863884.601, 98
Trd, 863884.618, 95
Trd, 863884.684, 92
Trd, 863886.034, 103
Trd, 863886.151, 104
Trd, 863886.234, 102
Trd, 863886.284, 88
Trd, 863886.318, 108
Trd, 863886.384, 87
Trd, 863886.418, 83
Trd, 863886.618, 85
Trd, 863886.868, 79
Trd, 863887.384, 98
Trd, 863888.918, 94
Trd, 863889.334, 99
Trd, 863889.484, 98
Trd, 863889.551, 97
Trd, 863889.918, 101
Trd, 863890.418, 96
Trd, 863890.534, 97
Trd, 863891.068, 101
Trd, 863891.284, 97
Trd, 863891.884, 100
Trd, 863892.101, 107
Trd, 863892.284, 97
Trd, 863893.301, 98
Trd, 863893.434, 99
Trd, 863894.201, 99
Trd, 863894.251, 98
Trd, 863894.334, 105
Trd, 863895.151, 107
Trd, 863895.234, 103
Trd, 863895.351, 102
Trd, 863895.534, 96
Trd, 863895.551, 109
Trd, 863895.668, 95
Trd, 863896.301, 92
Trd, 863896.501, 99
Trd, 863896.801, 93
Trd, 863897.618, 97
Trd, 863897.851, 98
Trd, 863898.201, 106
Trd, 863898.668, 97
Trd, 863899.051, 87
Trd, 863899.401, 84
Trd, 863900.018, 83
Trd, 863900.818, 96
Trd, 863900.918, 95
Trd, 863901.101, 96
Trd, 863901.184, 92
Trd, 863901.318, 107
Trd, 863901.418, 108
Trd, 863901.601, 108
Trd, 863902.318, 105
Trd, 863903.834, 109
Trd, 863903.918, 115
Trd, 863904.034, 100
Trd, 863904.134, 99
Trd, 863904.318, 98
Trd, 863904.351, 97
Trd, 863905.051, 95
Trd, 863905.251, 95
Trd, 863905.634, 98
Trd, 863905.818, 98
Trd, 863905.834, 109
Trd, 863906.384, 117
Trd, 863906.468, 95
Trd, 863907.401, 97
Trd, 863907.568, 106
Trd, 863908.251, 98
Trd, 863908.584, 98
Trd, 863908.834, 98
Trd, 863909.018, 98
Trd, 863909.168, 97
Trd, 863909.284, 95
Trd, 863909.568, 100
Trd, 863910.334, 101
Trd, 863910.568, 96
Trd, 863910.768, 94
Trd, 863911.101, 104
Trd, 863911.151, 98
Trd, 863912.118, 98
Trd, 863912.184, 95
Trd, 863912.251, 92
Trd, 863913.268, 96
Trd, 863913.284, 103
Trd, 863913.401, 95
Trd, 863913.568, 95
Trd, 863913.684, 109
Trd, 863914.568, 98
Trd, 863914.718, 97
Trd, 863914.918, 94
Trd, 863915.484, 95
Trd, 863915.834, 96
Trd, 863916.051, 93
Trd, 863916.134, 87
Trd, 863916.551, 102
Trd, 863917.918, 101
Trd, 863917.934, 99
Trd, 863918.518, 103
Trd, 863918.668, 101
Trd, 863918.918, 99
Trd, 863919.034, 107
Trd, 863919.551, 107
Trd, 863919.634, 99
Trd, 863919.668, 108
Trd, 863920.734, 99
Trd, 863921.351, 99
Trd, 863921.618, 100
Trd, 863921.634, 99
Trd, 863921.834, 124
Trd, 863922.701, 102
Trd, 863922.901, 109
Trd, 863923.068, 100
Trd, 863923.151, 99
Trd, 863923.518, 99
Trd, 863923.718, 130
Trd, 863923.801, 98
Trd, 863924.668, 100
Trd, 863924.884, 99
Trd, 863925.034, 98
Trd, 863925.068, 121
Trd, 863925.584, 99
Trd, 863925.834, 93
Trd, 863926.001, 98
Trd, 863926.118, 85
Trd, 863926.184, 87
Trd, 863926.251, 84
Trd, 863927.051, 95
Trd, 863927.851, 97
Trd, 863927.918, 93
Trd, 863928.201, 92
Trd, 863928.884, 90
Trd, 863928.951, 88
Trd, 863929.518, 92
Trd, 863929.801, 97
Trd, 863930.751, 98
Trd, 863931.018, 90
Trd, 863931.234, 89
Trd, 863931.701, 100
Trd, 863931.901, 87
Trd, 863932.101, 84
Trd, 863932.418, 101
Trd, 863933.001, 90
Trd, 863933.251, 93
Trd, 863933.651, 98
Trd, 863933.851, 100
Trd, 863934.051, 90
Trd, 863935.184, 105
Trd, 863935.868, 108
Trd, 863935.951, 107
Trd, 863936.034, 107
Trd, 863936.084, 103
Trd, 863936.518, 109
Trd, 863936.618, 121
Trd, 863936.851, 98
Trd, 863937.484, 93
Trd, 863937.618, 92
Trd, 863937.768, 95
Trd, 863938.018, 89
Trd, 863938.134, 87
Trd, 863938.718, 84
Trd, 863938.801, 109
Trd, 863939.551, 99
Trd, 863939.584, 101
Trd, 863940.051, 113
Trd, 863941.051, 102
Trd, 863941.201, 102
Trd, 863941.834, 102
Trd, 863942.018, 102
Trd, 863942.551, 97
Trd, 863943.001, 94
Trd, 863943.034, 102
Trd, 863943.284, 110
Trd, 863943.318, 98
Trd, 863943.401, 94
Trd, 863944.084, 88
Trd, 863944.234, 85
Trd, 863944.918, 89
Trd, 863944.968, 88
Trd, 863945.101, 87
Trd, 863945.151, 92
Trd, 863946.068, 100
Trd, 863946.251, 94
Trd, 863946.901, 96
Trd, 863946.984, 99
Trd, 863947.118, 96
Trd, 863947.451, 94
Trd, 863947.518, 93
Trd, 863947.718, 88
Trd, 863947.901, 101
Trd, 863948.618, 96
Trd, 863949.684, 98
Trd, 863949.851, 96
Trd, 863950.318, 101
Trd, 863950.801, 101
Trd, 863951.134, 101
Trd, 863951.568, 107
Trd, 863951.651, 106
Trd, 863952.151, 107
Trd, 863952.251, 106
Trd, 863952.468, 105
Trd, 863952.618, 93
Trd, 863953.834, 117
Trd, 863953.901, 117
Trd, 863953.984, 103
Trd, 863954.101, 98
Trd, 863954.201, 94
Trd, 863954.368, 87
Trd, 863954.868, 117
Trd, 863954.918, 121
Trd, 863954.951, 89
Trd, 863954.968, 84
Trd, 863955.418, 84
Trd, 863955.651, 85
Trd, 863955.901, 99
Trd, 863956.518, 100
Trd, 863956.601, 98
Trd, 863956.951, 95
Trd, 863957.051, 93
Trd, 863957.068, 107
Trd, 863957.918, 79
Trd, 863958.184, 83
Trd, 863959.101, 100
Trd, 863959.284, 103
Trd, 863959.301, 99
Trd, 863959.618, 98
Trd, 863960.068, 104
Trd, 863960.184, 100
Trd, 863960.834, 104
Trd, 863961.018, 102
Trd, 863961.501, 107
Trd, 863961.568, 101
Trd, 863961.584, 93
Trd, 863961.834, 96
Trd, 863962.534, 121
Trd, 863962.834, 109
Trd, 863962.918, 95
Trd, 863963.084, 116
Trd, 863963.384, 95
Trd, 863963.718, 97
Trd, 863964.851, 99
Trd, 863964.884, 98
Trd, 863964.934, 96
Trd, 863965.318, 101
Trd, 863965.334, 96
Trd, 863965.868, 105
Trd, 863967.151, 101
Trd, 863967.584, 99
Trd, 863968.318, 100
Trd, 863968.351, 99
Trd, 863968.934, 95
Trd, 863968.968, 94
Trd, 863969.001, 93
Trd, 863969.868, 96
Trd, 863969.968, 96
Trd, 863969.984, 95
Trd, 863970.118, 97
Trd, 863970.834, 97
Trd, 863971.184, 99
Trd, 863971.218, 94
Trd, 863971.584, 106
Trd, 863972.701, 95
Trd, 863972.851, 95
Trd, 863973.001, 108
Trd, 863973.334, 108
Trd, 863973.951, 98
Trd, 863973.984, 96
Trd, 863974.434, 95
Trd, 863974.584, 93
Trd, 863974.601, 109
Trd, 863974.851, 88
Trd, 863975.101, 87
Trd, 863976.001, 92
Trd, 863976.051, 90
Trd, 863976.368, 95
Trd, 863976.684, 97
Trd, 863976.901, 99
Trd, 863977.168, 85
Trd, 863977.434, 87
Trd, 863978.684, 104
Trd, 863978.751, 99
Trd, 863978.901, 98
Trd, 863979.151, 115
Trd, 863979.451, 102
Trd, 863979.834, 100
Trd, 863979.951, 118
Trd, 863980.868, 102
Trd, 863981.118, 105
Trd, 863981.318, 106
Trd, 863982.468, 107
Trd, 863982.818, 106
Trd, 863983.084, 104
Trd, 863983.251, 93
Trd, 863983.384, 92
Trd, 863983.751, 86
Trd, 863983.918, 99
Trd, 863984.218, 118
Trd, 863984.601, 98
Trd, 863984.818, 85
Trd, 863985.151, 86
Trd, 863985.184, 101
Trd, 863985.301, 84
Trd, 863985.884, 90
Trd, 863986.351, 104
Trd, 863986.684, 96
Trd, 863987.184, 98
Trd, 863987.784, 98
Trd, 863987.801, 97
Trd, 863988.851, 107
Trd, 863988.934, 108
Trd, 863989.151, 95
Trd, 863989.218, 94
Trd, 863989.718, 103
Trd, 863989.734, 102
Trd, 863990.418, 102
Trd, 863990.684, 114
Trd, 863991.201, 116
Trd, 863991.234, 98
Trd, 863991.334, 97
Trd, 863991.751, 102
Trd, 863992.201, 107
Trd, 863992.601, 107
Trd, 863992.668, 106
Trd, 863993.218, 112
Trd, 863993.901, 104
Trd, 863994.401, 99
Trd, 863994.984, 115
Trd, 863995.234, 117
Trd, 863995.334, 99
Trd, 863995.584, 98
Trd, 863995.618, 97
Trd, 863996.234, 93
Trd, 863996.268, 107
Trd, 863996.701, 90
Trd, 863996.918, 93
Trd, 863997.201, 93
Trd, 863998.034, 96
Trd, 863998.251, 97
Trd, 863999.051, 98
Trd, 863999.084, 97
Trd, 863999.301, 97
Trd, 863999.668, 97
